%% This BibTeX bibliography file was created using BibDesk.
%% http://bibdesk.sourceforge.net/


%% Created for Tan Nguyen at 2013-05-05 17:11:19 +1000 


%% Saved with string encoding Unicode (UTF-8) 



@conference{collobert,
	Author = {Collobert, R. and Sinz, F. and Weston, J. and Bottou, L.},
	Booktitle = {In Proceedings of the Twenty-third International Conference on Machine Learning (ICML 2006)},
	Date-Added = {2013-05-05 07:03:09 +0000},
	Date-Modified = {2013-05-05 07:11:05 +0000},
	Pages = {201-208},
	Publisher = {ACM Press},
	Title = {Trading Convexity for Scalability},
	Year = {2006}}

@phdthesis{cite-key,
	Date-Added = {2013-05-05 07:03:09 +0000},
	Date-Modified = {2013-05-05 07:03:09 +0000}}

@conference{ling,
	Author = {Ling Li and Hsuan-Tien Lin},
	Booktitle = {Proceedings of the 2007 International Joint Conference on Neural Networks},
	Date-Added = {2012-10-24 12:29:25 +0000},
	Date-Modified = {2012-10-24 12:30:38 +0000},
	Title = {Optimizing 0-1 Loss for Perceptrons by Random Coordinate Descent},
	Year = {2007}}

@conference{lossdesign,
	Author = {Hamed Masnadi-Shirazi and Nuno Vasconcelos},
	Booktitle = {NIPS},
	Date-Added = {2012-10-24 12:25:23 +0000},
	Date-Modified = {2012-10-24 12:27:13 +0000},
	Title = {On the Design of Loss Functions for Classification: theory, robustness to outliers, and SavageBoost},
	Year = {2008}}

@article{robusthinge,
	Author = {Yichao Wu and Yufeng Liu},
	Date-Added = {2012-10-24 12:16:28 +0000},
	Date-Modified = {2012-10-24 12:17:59 +0000},
	Journal = {Journal of the American Statistical Association},
	Month = {September},
	Number = {479},
	Title = {Robust Truncated Hinge Loss Support Vector Machines},
	Volume = {102},
	Year = {2007}}

@conference{Ding,
	Author = {Nan Ding and S.V.N Vishwanathan},
	Booktitle = {Advances in Neural Information Processing Systems},
	Date-Added = {2012-10-24 12:07:56 +0000},
	Date-Modified = {2012-10-24 12:11:18 +0000},
	Organization = {NIPS},
	Title = {t-Logistic Regression},
	Year = {2010}}

@techreport{adaboost,
	Author = {Freund, Yoav and Schapire, Robert E.},
	Date-Added = {2012-10-24 11:02:23 +0000},
	Date-Modified = {2012-10-24 11:10:43 +0000},
	Institution = {AT\&T Bell Laboratories},
	Title = {A Decision-Theoretic Generalization of on-Line Learning and an Application to Boosting},
	Year = {1995}}

@techreport{perceptron,
	Author = {Rosenblatt, Frank},
	Date-Added = {2012-10-24 10:36:39 +0000},
	Date-Modified = {2012-10-24 10:37:50 +0000},
	Institution = {Cornell Aeronautical Laboratory},
	Number = {85-460-1},
	Title = {The Perceptron--a perceiving and recognizing automaton},
	Year = {1957}}

@conference{outliers2,
	Author = {Manwani, N. and Sastry, P. S.},
	Booktitle = {ArXiv:1109.5231v2},
	Date-Added = {2012-10-24 08:03:56 +0000},
	Date-Modified = {2012-10-24 08:05:46 +0000},
	Title = {Noise tolerance under risk minimzation},
	Year = {2011}}

@conference{kNN,
	Author = {Stephen D. Bay},
	Booktitle = {In Proceedings of the 17th International Conference on Machine Learning},
	Date-Added = {2012-10-24 06:45:09 +0000},
	Date-Modified = {2012-10-24 06:46:53 +0000},
	Pages = {37--45},
	Title = {Combining nearest neighbor classifiers through multiple feature subsets},
	Year = {1998}}

@book{bishop2,
	Author = {Christopher M. Bishop},
	Date-Added = {2012-10-24 06:43:03 +0000},
	Date-Modified = {2012-10-24 06:43:40 +0000},
	Publisher = {Oxford University Press},
	Title = {Neural Networks for Pattern Recognition},
	Year = {1995}}

@book{tree2,
	Author = {J. R. Quinlan},
	Date-Added = {2012-10-24 06:41:29 +0000},
	Date-Modified = {2012-10-24 06:42:11 +0000},
	Publisher = {Morgan Kaufmann},
	Title = {C4.5: Programs for Mahine Learning},
	Year = {1993}}

@book{tree1,
	Author = {L. Breiman and J. Friedman and R. A. Olshen and C. J. Stone},
	Date-Added = {2012-10-24 06:39:41 +0000},
	Date-Modified = {2012-10-24 06:41:01 +0000},
	Publisher = {Chapman and Hall},
	Title = {Classification and Regression Trees},
	Year = {1984}}

@article{bandb,
	Author = {A. H. Land and A. G. Doig},
	Journal = {Econometrica},
	Pages = {497--520},
	Title = {{An Automatic Method for Solving Discrete Programming Problems}},
	Volume = {28},
	Year = {1960}}

@article{outliers,
	Author = {Phil Long and Rocco Servedio},
	Date-Added = {2012-10-24 06:14:30 +0000},
	Date-Modified = {2012-10-24 06:17:30 +0000},
	Journal = {Machine Learning Journal},
	Number = {78(3)},
	Pages = {287-304},
	Title = {Random classification noise defeats all convex potential boosters},
	Year = {2010}}

@article{nphard,
	Author = {S. Ben-David and N. Eiron and P.M. Long},
	Date-Added = {2012-10-24 06:09:42 +0000},
	Date-Modified = {2012-10-24 06:10:54 +0000},
	Journal = {J. Comput. System Sci.},
	Number = {66(3)},
	Pages = {496--514},
	Title = {On the difficulty of approximately maximizing agree- ments},
	Year = {2003}}

@article{Herbrich,
	Author = {Ralf Herbrich and Thore Graepel and Colin Campbell},
	Date-Added = {2012-10-24 01:39:01 +0000},
	Date-Modified = {2012-10-24 01:40:54 +0000},
	Journal = {Journal of Machine Learning Research},
	Pages = {245-279},
	Title = {Bayes Point Machines},
	Year = {2001}}

@conference{Kuhn,
	Author = {Kuhn, H. W. and Tucker, A. W.},
	Booktitle = {Proceedings of 2nd Berkeley Symposium},
	Date-Added = {2012-10-23 23:21:19 +0000},
	Date-Modified = {2012-10-23 23:23:11 +0000},
	Journal = {Proceedings of 2nd Berkeley Symposium},
	Pages = {481-492},
	Publisher = {Berkeley: University of California Press},
	Title = {Nonlinear Programming},
	Year = {1951}}

@article{Vapnik,
	Author = {Cortes, Corinna and Vapnik, Vladimir},
	Date-Added = {2012-10-23 11:59:02 +0000},
	Date-Modified = {2012-10-23 11:59:51 +0000},
	Journal = {Machine Learning},
	Title = {Support-Vector Networks},
	Volume = {20},
	Year = {1995}}

@article{Kiwiel,
	Author = {Kiwiel, Krzysztof C.},
	Date-Added = {2012-10-23 07:46:18 +0000},
	Date-Modified = {2012-10-23 07:47:27 +0000},
	Journal = {Mathematical Programming (Series A)},
	Number = {90 (1)},
	Title = {Convergence and efficiency of subgradient methods for quasiconvex minimization},
	Year = {2001}}

@book{Bottou,
	Author = {Bottou, L{\'e}on},
	Date-Added = {2012-10-23 07:42:40 +0000},
	Date-Modified = {2012-10-23 07:45:19 +0000},
	Publisher = {Cambridge University Press},
	Title = {Online Learning and Neural Networks},
	Year = {1998}}

@article{Davidon,
	Author = {Davidon, W. C.},
	Date-Added = {2012-10-23 05:50:20 +0000},
	Date-Modified = {2012-10-23 05:51:39 +0000},
	Journal = {Journal of Optimization Theory and Applications},
	Number = {18 (2)},
	Pages = {187-197},
	Title = {New least-square algorithms},
	Year = {1976}}

@misc{Webers,
	Author = {Christfried Webers},
	Date-Added = {2012-10-23 00:30:51 +0000},
	Date-Modified = {2012-10-23 00:33:20 +0000},
	Howpublished = {Lecture Notes for COMP4670, Australian National University},
	Title = {INTRODUCTION TO STATISTICAL MACHINE LEARNING},
	Year = {2012}}

@unpublished{McAllester,
	Author = {David McAllester},
	Date-Added = {2012-10-19 00:50:40 +0000},
	Date-Modified = {2012-10-23 00:37:58 +0000},
	Month = {8},
	Note = {Lecture Notes for TTIC103, Toyota Technological Institute at Chicago},
	Title = {Statistical Methods for Artificial Intelligence},
	Year = {2007}}

@techreport{Bartlett,
	Author = {Peter L. Bartlett and Michael I. Jordan and Jon D. McAuliffe},
	Date-Added = {2012-10-16 22:56:46 +0000},
	Date-Modified = {2012-10-16 22:57:57 +0000},
	Institution = {University of California, Berkeley},
	Month = {November},
	Number = {638},
	Title = {Convexity, Classification, and Risk Bounds},
	Year = {2003}}

@article{Feldman,
	Author = {V. Feldman and V. Guruswami and P. Raghavendra and Yi Wu},
	Date-Added = {2012-10-16 22:36:30 +0000},
	Date-Modified = {2012-10-16 22:45:32 +0000},
	Journal = {Preliminary version appeared in FOCS},
	Title = {Agnostic Learning of Monomials by Halfspaces is Hard},
	Year = {2009}}

@article{breast,
	Author = {O. L. Mangasarian and W. H. Wolberg},
	Date-Added = {2012-10-12 21:54:20 +0000},
	Date-Modified = {2012-10-12 22:06:31 +0000},
	Journal = {SIAM News},
	Month = {September},
	Number = {5},
	Pages = {1 - 18},
	Title = {Cancer diagnosis via linear programming},
	Volume = {23},
	Year = {1990}}

@misc{ucidata,
	Author = {Frank, A. and Asuncion, A.},
	Date-Added = {2012-10-12 21:46:58 +0000},
	Date-Modified = {2012-10-20 23:38:17 +0000},
	Howpublished = {Irvine, CA: University of California, School of Information and Computer Science.},
	Title = {UCI Machine Learning Repository},
	Url = {http://archive.ics.uci.edu/ml},
	Year = {2010},
	Bdsk-Url-1 = {http://archive.ics.uci.edu/ml}}

@article{bpm,
	Author = {Thomas Minka},
	Date-Added = {2012-10-11 21:21:33 +0000},
	Date-Modified = {2012-10-11 21:22:27 +0000},
	Journal = {UAI},
	Pages = {362-369},
	Title = {Expectation Propagation for Approximate Bayesian Inference},
	Year = {2001}}

@article{linearSVM,
	Author = {R.-E. Fan and K.-W. Chang and C.-J. Hsieh and X.-R. Wang and C.-J. Lin},
	Date-Added = {2012-10-11 21:04:34 +0000},
	Date-Modified = {2012-10-11 21:07:17 +0000},
	Journal = {Journal of Machine Learning Research},
	Pages = {1871-1874},
	Title = {LIBLINEAR: A Library for Large Linear Classification},
	Year = {2008}}

@article{Steihaug,
	Author = {Trond Steihaug},
	Date-Added = {2012-10-09 00:33:56 +0000},
	Date-Modified = {2012-10-09 00:39:52 +0000},
	Journal = {SIAM Journal on Numerical Analysis},
	Pages = {626--637},
	Title = {The conjugate gradient method and trust regions in large scale optimization},
	Volume = {20},
	Year = {1983}}

@article{Marquardt,
	Author = {Donald Marquardt},
	Date-Added = {2012-10-09 00:25:02 +0000},
	Date-Modified = {2012-10-09 00:26:00 +0000},
	Journal = {SIAM Journal on Applied Mathematics},
	Pages = {431--441},
	Title = {An Algorithm for Least-Squares Estimation of Nonlinear Parameters},
	Volume = {11 (2)},
	Year = {1963}}

@article{Hooke,
	Author = {Hooke, R. and Jeeves, T.A.},
	Date-Added = {2012-10-07 01:49:26 +0000},
	Date-Modified = {2012-10-07 01:50:53 +0000},
	Journal = {Journal of the Association for Computing Machinery},
	Pages = {212--229},
	Title = {Direct search solution of numerical and statistical problems},
	Volume = {8 (2)},
	Year = {1961}}

@article{Cauchy,
	Author = {Cauchy, Augustin},
	Date-Added = {2012-10-07 01:46:07 +0000},
	Date-Modified = {2012-10-07 01:48:14 +0000},
	Journal = {Comp. Rend. Sci. Paris},
	Pages = {46-89},
	Title = {M{\'e}thodes g{\'e}n{\'e}rales pour la r{\'e}solution des syst{\`e}mes d'{\'e}quations simultan{\'e}es},
	Volume = {25},
	Year = {1847}}

@book{Goldberg,
	Author = {Goldberg, David E},
	Date-Added = {2012-10-07 01:13:23 +0000},
	Date-Modified = {2012-10-07 01:15:17 +0000},
	Publisher = {Kluwer Academic Publishers, Boston, MA},
	Title = {Genetic Algorithms in Search, Optimization, and Machine Learning},
	Year = {1989}}

@article{Kirkpatrick,
	Author = {Kirkpatrick, S. and Gelatt, C. D. and Vecchi, M. P.},
	Date-Added = {2012-10-07 00:59:13 +0000},
	Date-Modified = {2012-10-07 10:14:12 +0000},
	Journal = {Science},
	Pages = {671--680},
	Title = {Optimization by Simulated Annealing},
	Volume = {220 (4598)},
	Year = {1983}}

@article{Coppersmith,
	Author = {D. Coppersmith and S. Winograd},
	Date-Added = {2012-10-04 22:54:55 +0000},
	Date-Modified = {2012-10-04 22:56:39 +0000},
	Journal = {J. Symbolic Computation},
	Pages = {251--280},
	Title = {Matrix Multiplication via Arithmetic Progressions},
	Volume = {9(3)},
	Year = {1990}}

@book{cormen,
	Author = {Thomas Cormen and Charles Leiserson and Ronald Rivest and Clifford Stein},
	Date-Added = {2012-09-16 07:50:51 +0000},
	Date-Modified = {2012-09-16 08:44:01 +0000},
	Edition = {Third},
	Publisher = {MIT Press},
	Title = {Introduction to Algorithm},
	Year = {2009}}

@misc{lpsolve,
	Author = {Michel Berkelaar and Kjell Eikland and Peter Notebaert},
	Date-Added = {2012-09-13 07:51:36 +0000},
	Date-Modified = {2012-09-13 07:55:43 +0000},
	Howpublished = {Open source},
	Title = {lpsolve Version 5.1.0.0},
	Url = {http://lpsolve.sourceforge.net},
	Year = {2004},
	Bdsk-Url-1 = {http://lpsolve.sourceforge.net}}

@article{ntaimo,
	Author = {Lewis Ntaimo and Suvrajeet Sen},
	Date-Added = {2012-09-12 03:31:32 +0000},
	Date-Modified = {2012-09-12 03:33:20 +0000},
	Journal = {Journal of Global Optimization},
	Pages = {385-400},
	Title = {The Million-Variable ``March'' for Stochastic Combinatorial Optimization},
	Volume = {32},
	Year = {2005}}

@book{harmelen,
	Author = {van Harmelen and V. Lifschitz and B. Porter},
	Date-Added = {2012-09-12 03:12:39 +0000},
	Date-Modified = {2012-09-12 05:22:23 +0000},
	Edition = {First},
	Publisher = {Elsevier B.V.},
	Title = {Handbook of Knowledge Representation},
	Year = {2008}}

@book{russell,
	Author = {Stuart Russell and Peter Norvig},
	Date-Added = {2012-09-11 22:17:15 +0000},
	Date-Modified = {2012-09-11 22:18:33 +0000},
	Edition = {Third},
	Publisher = {Pearson},
	Title = {Artificial Intelligence -- A Modern Approach},
	Year = {2010}}

@book{bather00,
	Author = {John Bather},
	Date-Added = {2012-09-04 23:27:35 +0000},
	Date-Modified = {2012-09-04 23:30:54 +0000},
	Publisher = {Wiley},
	Title = {Decision Theory: An Introduction to Dynamic Programming and Sequential Decisions},
	Year = {2000}}

@book{berger85,
	Author = {James Berger},
	Date-Added = {2012-09-04 23:25:57 +0000},
	Date-Modified = {2012-09-04 23:26:55 +0000},
	Publisher = {Springer-Verlag},
	Title = {Statistical Decision Theory and Bayesian Analysis},
	Year = {1985}}

@book{boyd04,
	Author = {Stephen Boyd and Lieven Vandenberghe},
	Date-Added = {2012-09-03 03:12:33 +0000},
	Date-Modified = {2012-10-18 05:29:46 +0000},
	Publisher = {Cambridge University Press},
	Title = {Convex Optimization},
	Year = {2004}}

@book{bishop06,
	Author = {Christopher M. Bishop},
	Date-Added = {2012-09-02 06:59:43 +0000},
	Date-Modified = {2012-09-02 07:02:52 +0000},
	Publisher = {Springer},
	Title = {Pattern Recognition and Machine Learning},
	Year = {2006}}

@article{wu07,
	Author = {Y. Wu and Y. Liu},
	Date-Added = {2012-09-02 06:56:54 +0000},
	Date-Modified = {2012-09-02 08:30:20 +0000},
	Journal = {JASA},
	Pages = {974-983},
	Title = {Robust Truncated Hinge Loss Support Vector Machines},
	Volume = {102},
	Year = {2007}}

@book{goossens94,
	Author = {Michel Goossens and Frank Mittelbach and Alexander Samarin},
	Publisher = {Addison Wesley},
	Title = {The \LaTeX Companion},
	Year = {1994}}

@book{knuth86,
	Author = {Donald E. Knuth},
	Date-Modified = {2012-09-02 08:07:45 +0000},
	Publisher = {Addison Wesley},
	Series = {Computers and Typesetting},
	Title = {The \TeX book},
	Volume = {A},
	Year = {1986}}

@book{lamport94,
	Author = {Leslie Lamport},
	Edition = {2nd},
	Publisher = {Addison Wesley},
	Title = {\LaTeX: A Document Preparation System---User's Guide and Reference Manual},
	Year = {1994}}
