% This file was created with JabRef 2.9.2.
% Encoding: Cp1252

@ARTICLE{Bahar_JoFMiSD_1993,
  author = {Bahar, R.I. and Frohm, E.A. and Gaona, C.M. and Hachtel, G.D. and
	Macii, E. and Pardo, A. and Somenzi, F.},
  title = {Algebraic Decision Diagrams and Their Applications},
  journal = {Journal of Formal Methods in Systems Design},
  year = {1993},
  volume = {10},
  pages = {171--206},
  __markedentry = {[skinathil:6]},
  doi = {10.1109/ICCAD.1993.580054},
  keywords = {{ADD}, Boolean Algebra, {DAG}, Data Structure, Decision Diagram, Directed
	Acyclic Graph},
  url = {http://ieeexplore.ieee.org/lpdocs/epic03/wrapper.htm?arnumber=580054},
  urldate = {2013-09-16}
}

@ARTICLE{Barto_AI_1995,
  author = {Barto, Andrew G. and Bradtke, Steven J. and Singh, Satinder P.},
  title = {Learning to Act using Real-Time Dynamic Programming},
  journal = {Artificial Intelligence},
  year = {1995},
  volume = {72},
  pages = {81--138},
  number = {1-2},
  keywords = {{RTDP}},
  owner = {skinathil},
  timestamp = {2014.02.05},
  url = {http://www.sciencedirect.com/science/article/pii/000437029400011O}
}

@BOOK{Bellman_1957,
  title = {Dynamic Programming},
  publisher = {Princeton University Press},
  year = {1957},
  author = {Bellman, Richard E.},
  address = {Princeton, {NJ}},
  owner = {skinathil},
  timestamp = {2014.01.08}
}

@ARTICLE{Bennett_COA_1993,
  author = {Bennett, Kristin P. and Mangasarian, O. L.},
  title = {Bilinear Separation of Two Sets in N-space},
  journal = {Comput. Optim. Appl.},
  year = {1993},
  volume = {2},
  pages = {207--227},
  number = {3},
  month = nov,
  acmid = {186989},
  address = {Norwell, MA, USA},
  doi = {10.1007/BF01299449},
  issn = {0926-6003},
  issue_date = {Nov. 1993},
  keywords = {bilinear programming, bilinear separation, neural networks},
  numpages = {21},
  publisher = {Kluwer Academic Publishers},
  url = {http://dx.doi.org/10.1007/BF01299449}
}

@BOOK{Bertsekas_1987,
  title = {Dynamic Programming: Deterministic and Stochastic Models},
  publisher = {Prentice-Hall, Inc.},
  year = {1987},
  author = {Bertsekas, Dimitri P.},
  address = {Upper Saddle River, NJ, USA},
  isbn = {0132215810}
}

@INPROCEEDINGS{Boutilier_IJCAI_2001,
  author = {Boutilier, Craig and Reiter, Ray and Price, Bob},
  title = {Symbolic Dynamic Programming for First-order MDPs},
  booktitle = {Proceedings of the Seventeenth International Joint Conference on
	Artificial Intelligence (IJCAI-01)},
  year = {2001},
  volume = {1},
  series = {IJCAI},
  pages = {690--697},
  address = {Seattle}
}

@BOOK{Howard_1960,
  title = {Dynamic Programming and Markov Processes},
  publisher = {The M.I.T. Press},
  year = {1960},
  author = {Howard, Ronald A.},
  owner = {skinathil},
  timestamp = {2014.01.21}
}

@INPROCEEDINGS{Hu_ICML_1998,
  author = {Hu, Junling and Wellman, Michael P.},
  title = {Multiagent Reinforcement Learning: Theoretical Framework and an Algorithm},
  booktitle = {Proceedings of the Fifteenth International Conference on Machine
	Learning (ICML-98)},
  year = {1998},
  series = {ICML},
  pages = {242--250},
  address = {San Francisco, CA, USA},
  publisher = {Morgan Kaufmann Publishers Inc.},
  acmid = {657296},
  isbn = {1-55860-556-8},
  numpages = {9},
  url = {http://dl.acm.org/citation.cfm?id=645527.657296}
}

@INPROCEEDINGS{Li_AAAI_2005,
  author = {Li, Lihong and Littman, Michael L.},
  title = {Lazy Approximation for Solving Continuous Finite-horizon MDPs},
  booktitle = {Proceedings of the Twentieth National Conference on Artificial Intelligence
	(AAAI-05)},
  year = {2005},
  volume = {3},
  series = {AAAI},
  pages = {1175--1180},
  publisher = {AAAI Press},
  acmid = {1619522},
  isbn = {1-57735-236-x},
  location = {Pittsburgh, Pennsylvania},
  numpages = {6},
  url = {http://dl.acm.org/citation.cfm?id=1619499.1619522}
}

@INPROCEEDINGS{Littman_ICML_1994,
  author = {Littman, Michael L.},
  title = {Markov Games as a Framework for Multi-Agent Reinforcement Learning},
  booktitle = {Proceedings of the Eleventh International Conference on Machine Learning
	Machine Learning (ICML-94)},
  year = {1994},
  series = {ICML},
  pages = {157--163},
  address = {San Francisco, California, USA},
  publisher = {Morgan Kaufmann Publishers Inc.}
}

@ARTICLE{Meuleau_JoAIR_2009,
  author = {Nicolas Meuleau and Emmanuel Benazera and Ronen I. Brafman and Eric
	A. Hansen and Mausam},
  title = {A Heuristic Search Approach to Planning with Continuous Resources
	in Stochastic Domains},
  journal = {Journal of Artificial Intelligence Research},
  year = {2009},
  volume = {34},
  pages = {27--59},
  bibsource = {DBLP, http://dblp.uni-trier.de},
  ee = {http://dx.doi.org/10.1613/jair.2529}
}

@ARTICLE{Neumann_MA_1928,
  author = {Neumann, J.},
  title = {Zur Theorie der Gesellschaftsspiele},
  journal = {Mathematische Annalen},
  year = {1928},
  volume = {100},
  pages = {295--320},
  number = {1},
  doi = {10.1007/BF01448847},
  issn = {0025-5831},
  language = {German},
  publisher = {Springer-Verlag},
  url = {http://dx.doi.org/10.1007/BF01448847}
}

@BOOK{Osborne_2004,
  title = {An Introduction to Game Theory},
  publisher = {Oxford University Press},
  year = {2004},
  author = {Osborne, Martin J.},
  address = {New York},
  isbn = {0195128958},
  keywords = {Game theory},
  lccn = {QA269 .O78 2004},
  owner = {skinathil},
  timestamp = {2014.02.05}
}

@ARTICLE{Petrik_JoMLR_2011,
  author = {Marek Petrik and Shlomo Zilberstein},
  title = {Robust Approximate Bilinear Programming for Value Function Approximation},
  journal = {Journal of Machine Learning Research},
  year = {2011},
  volume = {12},
  pages = {3027--3063},
  url = {http://rbr.cs.umass.edu/shlomo/papers/PZjmlr11.html}
}

@INPROCEEDINGS{Sanner_UAI_2011,
  author = {Sanner, Scott and Delgado, Karina and Nunes de Barros, Leliane},
  title = {Symbolic Dynamic Programming for Discrete and Continuous State MDPs},
  booktitle = {Proceedings of the Twenty-Seventh Conference on Uncertainty in Artificial
	Intelligence (UAI-11)},
  year = {2011},
  series = {UAI},
  pages = {1--10},
  address = {Barcelona, Spain},
  owner = {skinathil},
  timestamp = {2014.01.07},
  url = {http://www.nicta.com.au/pub?id=4912}
}

@ARTICLE{Shapley_PotNAoS_1953,
  author = {Shapley, L. S.},
  title = {Stochastic Games},
  journal = {Proceedings of the National Academy of Sciences},
  year = {1953},
  volume = {39},
  pages = {1095--1100},
  number = {10},
  eprint = {http://www.pnas.org/content/39/10/1095.full.pdf+html},
  url = {http://www.pnas.org/content/39/10/1095.short}
}

@INPROCEEDINGS{St-Aubin_NIPS_2000,
  author = {St-Aubin, Robert and Hoey, Jesse and Boutilier, Craig},
  title = {{APRICODD:} Approximate Policy Construction Using Decision Diagrams},
  booktitle = {Advances in Neural Information Processing 13 (NIPS 2000)},
  year = {2000},
  series = {{NIPS}},
  pages = {1089 -- 1095},
  address = {Denver, Colorado, {USA}},
  publisher = {{MIT} Press},
  keywords = {{ADD}, Algorithm, {MDP}},
  owner = {skinathil},
  timestamp = {2014.06.16},
  url = {http://dblp.uni-trier.de/db/conf/nips/nips2000.html#St-AubinHB00}
}

@INPROCEEDINGS{Vianna_UAI_2013,
  author = {Vianna, Luis Gustavo Rocha and Sanner, Scott and Nunes de Barros,
	Leliane},
  title = {Bounded Approximate Symbolic Dynamic Programming for Hybrid {MDPs}},
  booktitle = {Proceedings of the Twenty-Ninth Conference on Uncertainty in Artificial
	Intelligence (UAI-13)},
  year = {2013},
  series = {{UAI}},
  pages = {1--9},
  address = {Bellevue, {USA}},
  keywords = {{MDP}, {SDP}, {XADD}},
  owner = {skinathil},
  timestamp = {2014.03.15},
  url = {auai.org/uai2013/prints/papers/125.pdf}
}

@INPROCEEDINGS{Zamani_AAAI_2012,
  author = {Zamani, Zahra and Sanner, Scott},
  title = {Symbolic Dynamic Programming for Continuous State and Action MDPs},
  booktitle = {Proceedings of the Twenty-Sixth Conference on Artificial Intelligence
	(AAAI-12)},
  year = {2012},
  series = {AAAI},
  pages = {1--7},
  address = {Toronto, Canada},
  owner = {skinathil},
  timestamp = {2014.01.07},
  url = {http://www.nicta.com.au/pub?id=5613}
}

