%This work has some exmples
@article{cobb2006inference,
  title={Inference in hybrid Bayesian networks with mixtures of truncated exponentials},
  author={Cobb, Barry R and Shenoy, Prakash P},
  journal={International Journal of Approximate Reasoning},
  volume={41},
  number={3},
  pages={257--286},
  year={2006},
  publisher={Elsevier}
}

@article{cowles1996markov,
  title={Markov chain Monte Carlo convergence diagnostics: a comparative review},
  author={Cowles, Mary Kathryn and Carlin, Bradley P},
  journal={Journal of the American Statistical Association},
  volume={91},
  number={434},
  pages={883--904},
  year={1996},
  publisher={Taylor \& Francis}
}

@article{gel1964generalized,
  title={Generalized functions. Vol. 1: Properties and operations, Fizmatgiz, Moscow, 1958},
  author={Gel'fand, IM and Shilov, GE},
  journal={English transl., Academic Press, New York},
  year={1964}
}

@article{gilks1992adaptive,
  title={Adaptive rejection sampling for Gibbs sampling},
  author={Gilks, Walter R and Wild, Pascal},
  journal={Applied Statistics},
  pages={337--348},
  year={1992},
  publisher={JSTOR}
}

@article{gilks1995adaptive,
  title={Adaptive rejection Metropolis sampling within Gibbs sampling},
  author={Gilks, Wally R and Best, NG and Tan, KKC},
  journal={Applied Statistics},
  pages={455--472},
  year={1995},
  publisher={JSTOR}
}

@article{huseby2004system,
  title={System reliability evaluation using conditional Monte Carlo methods},
  author={Huseby, Arne B and Naustdal, Morten and V{\aa}rli, Ingeborg Drengstig},
  journal={Preprint series. Statistical Research Report http://urn. nb. no/URN: NBN: no-23420},
  year={2004}
}

@book{koller2009probabilistic,
  title={Probabilistic graphical models: principles and techniques},
  author={Koller, Daphne and Friedman, Nir},
  year={2009},
  publisher={MIT press}
}

@inproceedings{kozlov1997nonuniform,
  title={Nonuniform dynamic discretization in hybrid networks},
  author={Kozlov, Alexander V and Koller, Daphne},
  booktitle={Proceedings of the Thirteenth conference on Uncertainty in artificial intelligence},
  pages={314--325},
  year={1997},
  organization={Morgan Kaufmann Publishers Inc.}
}

@article{kschischang2001factor,
  title={Factor graphs and the sum-product algorithm},
  author={Kschischang, Frank R and Frey, Brendan J and Loeliger, H-A},
  journal={Information Theory, IEEE Transactions on},
  volume={47},
  number={2},
  pages={498--519},
  year={2001},
  publisher={IEEE}
}

@article{lauritzen2001stable,
  title={Stable local computation with conditional Gaussian distributions},
  author={Lauritzen, Steffen L and Jensen, Frank},
  journal={Statistics and Computing},
  volume={11},
  number={2},
  pages={191--203},
  year={2001},
  publisher={Springer}
}

@article{lunn2009bugs,
  title={The BUGS project: Evolution, critique and future directions},
  author={Lunn, David and Spiegelhalter, David and Thomas, Andrew and Best, Nicky},
  journal={Statistics in medicine},
  volume={28},
  number={25},
  pages={3049--3067},
  year={2009},
  publisher={Wiley Online Library}
}

@article{melo1993conditional,
  title={A conditional probability approach to the calculation of frequency and duration indices in composite reliability evaluation},
  author={Melo, ACG and Pereira, MVF and Leite da Silva, AM},
  journal={Power Systems, IEEE Transactions on},
  volume={8},
  number={3},
  pages={1118--1125},
  year={1993},
  publisher={IEEE}
}

@incollection{moral2001mixtures,
  title={Mixtures of truncated exponentials in hybrid Bayesian networks},
  author={Moral, Seraf{\'\i}n and Rum{\'\i}, Rafael and Salmer{\'o}n, Antonio},
  booktitle={Symbolic and Quantitative Approaches to Reasoning with Uncertainty},
  pages={156--167},
  year={2001},
  publisher={Springer}
}

@article{roberts1997weak,
  title={Weak convergence and optimal scaling of random walk Metropolis algorithms},
  author={Roberts, Gareth O and Gelman, Andrew and Gilks, Walter R and others},
  journal={The annals of applied probability},
  volume={7},
  number={1},
  pages={110--120},
  year={1997},
  publisher={Institute of Mathematical Statistics}
}

@conference{Sanner:12,
title = {Symbolic Variable Elimination for Discrete and Continuous Graphical Models},
author = {Scott Sanner and Ehsan Abbasnejad},
booktitle = {AAAI},
year = {2012}
}

@article{shenoy2011inference,
  title={Inference in hybrid Bayesian networks using mixtures of polynomials},
  author={Shenoy, Prakash P and West, James C},
  journal={International Journal of Approximate Reasoning},
  volume={52},
  number={5},
  pages={641--657},
  year={2011},
  publisher={Elsevier}
}

@article{shenoy2012two,
  title={Two issues in using mixtures of polynomials for inference in hybrid Bayesian networks},
  author={Shenoy, Prakash P},
  journal={International Journal of Approximate Reasoning},
  volume={53},
  number={5},
  pages={847--866},
  year={2012},
  publisher={Elsevier}
}


