% This file was created with JabRef 2.9.2.
% Encoding: Cp1252

@BOOK{Bellman_1957,
  title = {Dynamic Programming},
  publisher = {Princeton University Press},
  year = {1957},
  author = {Bellman, Richard E.},
  address = {Princeton, {NJ}},
  __markedentry = {[skinathil:6]},
  owner = {skinathil},
  timestamp = {2014.01.08}
}

@ARTICLE{Bennett_COA_1993,
  author = {Bennett, Kristin P. and Mangasarian, O. L.},
  title = {Bilinear Separation of Two Sets in N-space},
  journal = {Comput. Optim. Appl.},
  year = {1993},
  volume = {2},
  pages = {207--227},
  number = {3},
  month = nov,
  acmid = {186989},
  address = {Norwell, MA, USA},
  doi = {10.1007/BF01299449},
  issn = {0926-6003},
  issue_date = {Nov. 1993},
  keywords = {bilinear programming, bilinear separation, neural networks},
  numpages = {21},
  publisher = {Kluwer Academic Publishers},
  url = {http://dx.doi.org/10.1007/BF01299449}
}

@ARTICLE{Bernstein_MoOR_2002,
  author = {Daniel S. Bernstein and Robert Givan and Neil Immerman and Shlomo
	Zilberstein},
  title = {The Complexity of Decentralized Control of {M}arkov Decision Processes},
  journal = {Mathematics of Operations Research},
  year = {2002},
  volume = {27},
  pages = {819-840},
  number = {4},
  url = {http://rbr.cs.umass.edu/shlomo/papers/BGIZmor02.html}
}

@BOOK{Bertsekas_1987,
  title = {Dynamic Programming: Deterministic and Stochastic Models},
  publisher = {Prentice-Hall, Inc.},
  year = {1987},
  author = {Bertsekas, Dimitri P.},
  address = {Upper Saddle River, NJ, USA},
  isbn = {0132215810}
}

@INPROCEEDINGS{Boutilier_IJCAI_1999,
  author = {Boutilier, Craig},
  title = {Sequential Optimality and Coordination in Multiagent Systems},
  booktitle = {Proceedings of the 16th International Joint Conference on Artifical
	Intelligence - Volume 1},
  year = {1999},
  series = {IJCAI},
  pages = {478--485},
  address = {San Francisco, CA, USA},
  publisher = {Morgan Kaufmann Publishers Inc.},
  acmid = {1624287},
  location = {Stockholm, Sweden},
  numpages = {8},
  url = {http://dl.acm.org/citation.cfm?id=1624218.1624287}
}

@INPROCEEDINGS{Boutilier_IJCAI_2001,
  author = {Boutilier, Craig and Reiter, Ray and Price, Bob},
  title = {Symbolic Dynamic Programming for First-order MDPs},
  booktitle = {Proceedings of the Seventeenth International Joint Conference on
	Artificial Intelligence (IJCAI-01)},
  year = {2001},
  volume = {1},
  series = {IJCAI},
  pages = {690 - 697},
  address = {Seattle}
}

@INPROCEEDINGS{Bowling_ICML_2000,
  author = {Michael Bowling},
  title = {Convergence Problems of General-Sum Multiagent Reinforcement Learning},
  booktitle = {Proceedings of the Seventeenth International Conference on Machine
	Learning},
  year = {2000},
  series = {ICML},
  pages = {89--94},
  month = {June},
  publisher = {Morgan Kaufmann Publishers Inc.},
  location = {Stanford University}
}

@INCOLLECTION{Breton_1991,
  author = {Breton, Michèle and L'Écuyer, Pierre},
  title = {Approximate solutions to continuous stochastic games},
  booktitle = {Differential Games — Developments in Modelling and Computation},
  publisher = {Springer Berlin Heidelberg},
  year = {1991},
  editor = {Hämäläinen, RaimoPertti and Ehtamo, HarriKalevi},
  volume = {156},
  series = {Lecture Notes in Control and Information Sciences},
  pages = {257-264},
  doi = {10.1007/BFb0040246},
  isbn = {978-3-540-53787-8},
  url = {http://dx.doi.org/10.1007/BFb0040246}
}

@BOOK{Howard_1960,
  title = {Dynamic Programming and Markov Processes},
  publisher = {The M.I.T. Press},
  year = {1960},
  author = {Howard, Ronald A.},
  owner = {skinathil},
  timestamp = {2014.01.21}
}

@INPROCEEDINGS{Hu_ICML_1998,
  author = {Hu, Junling and Wellman, Michael P.},
  title = {Multiagent Reinforcement Learning: Theoretical Framework and an Algorithm},
  booktitle = {Proceedings of the Fifteenth International Conference on Machine
	Learning},
  year = {1998},
  series = {ICML},
  pages = {242--250},
  address = {San Francisco, CA, USA},
  publisher = {Morgan Kaufmann Publishers Inc.},
  acmid = {657296},
  isbn = {1-55860-556-8},
  numpages = {9},
  url = {http://dl.acm.org/citation.cfm?id=645527.657296}
}

@INPROCEEDINGS{Lagoudakis_UAI_2002,
  author = {Lagoudakis, Michail G. and Parr, Ronald},
  title = {Value Function Approximation in Zero-sum Markov Games},
  booktitle = {Proceedings of the Eighteenth Conference on Uncertainty in Artificial
	Intelligence},
  year = {2002},
  series = {UAI},
  pages = {283--292},
  address = {San Francisco, CA, USA},
  publisher = {Morgan Kaufmann Publishers Inc.},
  acmid = {2073910},
  isbn = {1-55860-897-4},
  location = {Alberta, Canada},
  numpages = {10},
  url = {http://dl.acm.org/citation.cfm?id=2073876.2073910}
}

@INPROCEEDINGS{Littman_ICML_1994,
  author = {Littman, Michael L.},
  title = {Markov Games as a Framework for Multi-Agent Reinforcement Learning},
  booktitle = {Proceedings of the 11th International Conference on Machine Learning
	Machine Learning},
  year = {1994},
  series = {ICML},
  pages = {157--163},
  address = {San Francisco, California, USA},
  publisher = {Morgan Kaufmann Publishers Inc.},
  __markedentry = {[skinathil:]}
}

@ARTICLE{Neumann_MA_1928,
  author = {Neumann, J.},
  title = {Zur Theorie der Gesellschaftsspiele},
  journal = {Mathematische Annalen},
  year = {1928},
  volume = {100},
  pages = {295-320},
  number = {1},
  doi = {10.1007/BF01448847},
  issn = {0025-5831},
  language = {German},
  publisher = {Springer-Verlag},
  url = {http://dx.doi.org/10.1007/BF01448847}
}

@ARTICLE{Petrik_JoMLR_2011,
  author = {Marek Petrik and Shlomo Zilberstein},
  title = {Robust Approximate Bilinear Programming for Value Function Approximation},
  journal = {Journal of Machine Learning Research},
  year = {2011},
  volume = {12},
  pages = {3027-3063},
  url = {http://rbr.cs.umass.edu/shlomo/papers/PZjmlr11.html}
}

@INPROCEEDINGS{Sanner_UAI_2011,
  author = {Sanner, Scott and Delgado, Karina and Nunes de Barros, Leliane},
  title = {Symbolic Dynamic Programming for Discrete and Continuous State MDPs},
  booktitle = {Proceedings of the 27th Conference on Uncertainty in Artificial Intelligence
	(UAI-11)},
  year = {2011},
  series = {UAI},
  pages = {1--10},
  address = {Barcelona, Spain},
  owner = {skinathil},
  timestamp = {2014.01.07},
  url = {http://www.nicta.com.au/pub?id=4912}
}

@ARTICLE{Shapley_PotNAoS_1953,
  author = {Shapley, L. S.},
  title = {Stochastic Games},
  journal = {Proceedings of the National Academy of Sciences},
  year = {1953},
  volume = {39},
  pages = {1095-1100},
  number = {10},
  eprint = {http://www.pnas.org/content/39/10/1095.full.pdf+html},
  url = {http://www.pnas.org/content/39/10/1095.short}
}

@INPROCEEDINGS{Zamani_AAAI_2012,
  author = {Zamani, Zahra and Sanner, Scott},
  title = {Symbolic Dynamic Programming for Continuous State and Action MDPs},
  booktitle = {Proceedings of the 26th Conference on Artificial Intelligence (AAAI-12)},
  year = {2012},
  series = {AAAI},
  pages = {1--7},
  address = {Toronto, Canada},
  owner = {skinathil},
  timestamp = {2014.01.07},
  url = {http://www.nicta.com.au/pub?id=5613}
}

