@inproceedings{littman94,
  author    = {Michael L. Littman},
  title     = {Markov Games as a Framework for Multi-Agent Reinforcement
               Learning},
  booktitle = {ICML},
  year      = {1994},
  pages     = {157-163},
  bibsource = {DBLP, http://dblp.uni-trier.de}
}

@inproceedings{sanner_aaai12,
  author = {S. Sanner and E. Abbasnejad},
  year = {2012},
  title = {Symbolic Variable Elimination for Discrete and Continuous Graphical Models},
  booktitle = {In Proceedings of the 26th AAAI Conference on Artificial Intelligence ({AAAI-12})},
  address = {Toronto, Canada}
}

@inproceedings{sdp_aaai,
  author = {Z. Zamani and S. Sanner and C. Fang},
  year = {2012},
  title = {Symbolic Dynamic Programming for Continuous State and Action MDPs},
  booktitle = {In Proceedings of the 26th AAAI Conference on Artificial Intelligence ({AAAI-12})},
  address = {Toronto, Canada}
}

@article{wusd10,
  author    = {Tao Wu and
               Leyuan Shi and
               N. A. Duffie},
  title     = {An HNP-MP Approach for the Capacitated Multi-Item Lot Sizing
               Problem With Setup Times},
  journal   = {IEEE T. Automation Science and Engineering},
  volume    = {7},
  number    = {3},
  year      = {2010},
  pages     = {500-511}
}

@inproceedings{sanner_uai11,
  author = "Scott Sanner and Karina Valdivia Delgado and Leliane Nunes {de Barros}",
  title = "Symbolic Dynamic Programming for Discrete and Continuous State MDPs",
  booktitle = "Proceedings of the 27th Conference on Uncertainty in {AI} ({UAI-2011})",
  address = "Barcelona",
  year = "2011"}

@inproceedings{fomdp ,
author = "Craig Boutilier and Ray Reiter and Bob Price",
title = "Symbolic Dynamic Programming for First-order {MDPs}",
booktitle = "{IJCAI-01}",
pages = "690--697",
address = "Seattle",
year = "2001"}

@article{lqgc,
author = "M. Athans",
year = "1971",
title = "The role and use of the stochastic Linear-Quadratic-Gaussian problem in control system design",
journal = "IEEE Transaction on Automatic Control",
volume = "16",
number = "6",
pages = "529--552"
}

@inproceedings{ bahar93add,
author = "R. Iris Bahar and Erica Frohm and Charles Gaona and Gary Hachtel and Enrico Macii and Abelardo Pardo and Fabio Somenzi",
title = "{A}lgebraic {D}ecision {D}iagrams and their applications",
booktitle = "{IEEE} /{ACM} International Conference on {CAD}",
year = "1993"}

@inproceedings{spudd,
author = "Jesse Hoey and Robert St-Aubin and Alan Hu and Craig Boutilier",
title = "{SPUDD}: Stochastic Planning using Decision Diagrams",
booktitle = "{UAI-99}",
address = "Stockholm",
pages = "279--288",
year = "1999"}

@inproceedings{bresina02,
author    = "John L. Bresina and
Richard Dearden and
Nicolas Meuleau and
Sailesh Ramkrishnan and
David E. Smith and
Richard Washington",
title = "Planning under Continuous Time and Resource Uncertainty:A Challenge for AI",
booktitle = "Uncertainty in Artificial Intelligence (UAI-02)",
year= "2002"
}

@inproceedings{Rachelson08,
author = "Emmanuel Rachelson and Frederick Garcia and Patrick Fabiani",
title = "Extending the Bellman equation for MDPs to continuous actions and continuous time in the discounted case",
booktitle = "10th Int. Symp. on AI and Math",
year = "2008"
}

@inproceedings{boyan00,
author    = "Justin A Boyan and Michael L Littman",
title     = "Exact solutions to timedependent MDPs",
booktitle = "Advances in Neural Information Processing Systems",
year      = "2000",

}

@inproceedings{aadd,
author = "Scott Sanner and David McAllester",
title = "Affine Algebraic Decision Diagrams (AADDs) and their Application to Structured Probabilistic Inference",
booktitle = "IJCAI 2005",
year = "2005"}

@inproceedings{Weinstein2010,
author = "Weinstein, Ari and Mansley, C. and Littman, M.",
booktitle = "ICML 2010 Workshop on Reinforcement Learning and Search in Very Large Spaces",
title = "Sample-based planning for continuous action Markov Decision Processes",
year = "2010"
}

@PhdThesis{Mahootchi2009,
author = "Masoud Mahootchi",
title = "Storage System Management Using Reinforcement Learning Techniques and Nonlinear Models",
school = "University of Waterloo,Canada",
year = "2009"
}

@InProceedings{pegasus,
author = "Andrew Y. Ng and Michael Jordan",
title = "PEGASUS: A policy
search method for large MDPs and POMDPs",
booktitle = "UAI",
year = "2000"
}
@book{puterman ,
author = "Martin L. Puterman" ,
title = "Markov Decision Processes: Discrete Stochastic Dynamic Programming",
publisher = "Wiley" ,
address = "New York" ,
year = "1994"}


@InProceedings{reservoir,
author = "Bernard. Lamond and Abdeslem. Boukhtouta",
title = "Water Reservoir applications of Markov Decision Processes",
booktitle = "International Series in Operations Research and Management Science, Springer" ,
year = "2002"}
@article{ boutilier99dt,
    author = "Craig Boutilier and Thomas Dean and Steve Hanks",
    title = "Decision-Theoretic Planning: Structural Assumptions and Computational Leverage",
    journal = "{JAIR}",
    volume = "11",
    pages = "1-94",
    year = "1999"}
    
    @article{dbn,
author = "Thomas Dean and Keiji Kanazawa",
title = "A Model for Reasoning about Persistence and Causation",
journal = "Computational Intelligence",
volume = 5,
number = 3,
pages = "142--150",
year = 1989
}

@inproceedings{feng04,
  author    = {Zhengzhu Feng and
               Richard Dearden and
               Nicolas Meuleau and
               Richard Washington},
  title     = {Dynamic Programming for Structured Continuous Markov Decision
               Problems},
  booktitle = "Uncertainty in Artificial Intelligence ({UAI-04})",
  year      = {2004},
  pages     = {154-161},
}

@inproceedings{li05,
  author    = {Lihong Li and Michael L. Littman},
  title     = {Lazy Approximation for Solving Continuous Finite-Horizon MDPs},
  booktitle = "National Conference on Artificial Intelligence {AAAI-05}",
  year      = {2005},
  pages     = {1175-1180}
}

@article{hao09,
  author    = {Nicolas Meuleau and
               Emmanuel Benazera and
               Ronen I. Brafman and
               Eric A. Hansen and
               Mausam},
  title     = {A Heuristic Search Approach to Planning with Continuous
               Resources in Stochastic Domains},
  journal   = {Journal Artificial Intelligence Research (JAIR)},
  volume    = {34},
  year      = {2009},
  pages     = {27-59},
}

@book{bellman ,
author = "Richard E. Bellman" ,
title = "Dynamic Programming",
publisher = "Princeton University Press",
address = "Princeton, NJ" ,
year = "1957"}


@inproceedings{ffomdp,
  author = "Scott Sanner and Craig Boutilier",
  title  = "Approximate Solution Techniques for Factored First-order {MDP}s",
booktitle = "Proceedings of the Seventeenth International Conference on Automated Planning and Scheduling ({ICAPS} 07)",
	year = "2007",
        location = "Providence, RI"
}

@article{varelim,
  author    = {Nevin Lianwen Zhang and David Poole},
  title     = {Exploiting Causal Independence in Bayesian Network Inference.},
  journal   = {J. Artif. Intell. Res. (JAIR)},
  volume    = {5},
  year      = {1996},
  pages     = {301-328},
}

@inproceedings{penberthy94,
  author    = {J. Scott Penberthy and
               Daniel S. Weld},
  title     = {Temporal Planning with Continuous Change},
  booktitle = {National Conference on Artificial Intelligence {AAAI}},
  year      = {1994},
  pages     = {1010-1015}
}

@inproceedings{boyan01,
  author = "Justin Boyan and Michael Littman",
  title = "Exact Solutions to Time-dependent {MDPs}",
  booktitle = "Advances in Neural Information Processing Systems {NIPS-00}",
  pages = "1026-1032",
  year = "2001"
}

@inproceedings{phase07,
  author    = {Janusz Marecki and
               Sven Koenig and
               Milind Tambe},
  title     = {A Fast Analytical Algorithm for Solving Markov Decision
               Processes with Real-Valued Resources},
  booktitle = {International Conference on Uncertainty in Artificial Intelligence {IJCAI}},
  year      = {2007},
  pages     = {2536-2541},
}

@article{kveton06,
  author    = {Branislav Kveton and
               Milos Hauskrecht and
               Carlos Guestrin},
  title     = {Solving Factored MDPs with Hybrid State and Action Variables},
  journal   = {Journal Artificial Intelligence Research (JAIR)},
  volume    = {27},
  year      = {2006},
  pages     = {153-201},
}

@article{munos02,
    Year = {2002},
    Journal = {Machine Learning},
    Volume = {49, 2--3},
    Pages = {291-323},
    Publisher = {Kluwer Academic Publishers},
    Editor = {Satinder Singh},
    Author = { Remi Munos, Andrew Moore },
    Title = {Variable Resolution Discretization in Optimal Control}
}

@article{Yeh1985,
    Year = {1985},
    Journal = {Water Resources research},
    Volume = {21,12},
    Pages = {1797ï¿½1818},
    Author = { William G Yeh },
    Title = {Reservoir management and operations models: A state-of-the-art review}
}
@article{Scarf2002,
author = {Scarf, Herbert E},
journal = {Operations Research},
number = {1},
pages = {186--191},
title = {Inventory Theory},
volume = {50},
year = {2002}
}

@book{Scarf_Karlin58 ,
author = "Arrow, Kenneth and Karlin, Samuel and Scarf, Herbert",
title = "Studies in the mathematical theory of inventory and production",
publisher = "Stanford University Press",
year = "1958"}

@article{bitran,
author = {Gabriel R Bitran and Horacio Yanasse},
journal = {Management Science},
number = {10},
pages = {1271-81},
title = {Computational complexity of the capacitated lot size problem},
volume = {28},
year = {1982}
}


@inproceedings{apricodd  ,
author = "Robert St-Aubin and Jesse Hoey and Craig Boutilier",
title = "{APRICODD}: Approximate Policy Construction using Decision Diagrams",
booktitle = "{NIPS-2000}",
pages = "1089--1095",
address = "Denver",
year = "2000"}


%%Chance-constrained control%%%%%%%%%%%%%%%%%%%%%%%%%%%%%%%%%%%%%

@article{Blackmore:2010,
author={Blackmore, L. and Ono, M. and Bektassov, A. and Williams, B.C.},
journal={Robotics, IEEE Transactions on},
title={A Probabilistic Particle-Control Approximation of Chance-Constrained Stochastic Predictive Control},
year={2010},
volume={26},
number={3},
pages={502 -517}
}

@article{Blackmore:2011,
  author    = {Lars Blackmore and
               Masahiro Ono and
               Brian C. Williams},
  title     = {Chance-Constrained Optimal Path Planning With Obstacles},
  journal   = {IEEE Transactions on Robotics},
  volume    = {27},
  number    = {6},
  year      = {2011},
  pages     = {1080-1094}
}



@inproceedings{Ono:2008,
  author    = {Masahiro Ono and
               Brian C. Williams},
  title     = {An Efficient Motion Planning Algorithm for Stochastic Dynamic
               Systems with Constraints on Probability of Failure},
  booktitle = {AAAI},
  year      = {2008},
  pages     = {1376-1382}
}


@article{Li:2002,
 author = {Li, Pu and Wendt, Moritz and Wozny, G\"{u}Nter},
 title = {Brief A probabilistically constrained model predictive controller},
 journal = {Automatica},
 issue_date = {July, 2002},
 volume = {38},
 number = {7},
 year = {2002},
 issn = {0005-1098},
 pages = {1171--1176},
 publisher = {Pergamon Press, Inc.},
 address = {Tarrytown, NY, USA}
 }

@article {Schwarm:1999,
author = {Schwarm, Alexander T. and Nikolaou, Michael},
title = {Chance-constrained model predictive control},
journal = {AIChE Journal},
volume = {45},
number = {8},
publisher = {Wiley Subscription Services, Inc., A Wiley Company},
issn = {1547-5905},
pages = {1743--1752},
year = {1999}
}


%%%Hybrid Systems%%%%%%%%%%%%%%%%%%%%%%%%%%%%%%%%%%%%%%%%


@incollection{DeSHee:2009,
         author={B. {D}e Schutter and W.P.M.H. Heemels and J. Lunze and C. Prieur},
         title={Survey of modeling, analysis, and control of hybrid systems},
         chapter={2},
         booktitle={Handbook of Hybrid Systems Control -- Theory, Tools, Applications},
         editor={J. Lunze and F. Lamnabhi-Lagarrigue},
         publisher={Cambridge University Press},
         address={Cambridge, UK},
         pages={31--55},
         year={2009}
}

@article{Henzinger:1997,
    author = {Thomas A. Henzinger  and Pei H. Ho  and Howard W. Toi},
    journal = {International Journal on Software Tools for Technology Transfer},
    number = {1-2},
    pages = {110--122},
    title = {{HYTECH: A Model Checker for Hybrid Systems}},
    volume = {1},
    year = {1997}
}


@article{Tomlin:2003,
  author    = {Claire Tomlin and
               Ian Mitchell and
               Alexandre M. Bayen and
               Meeko Oishi},
  title     = {Computational techniques for the verification of hybrid
               systems},
  journal   = {Proceedings of the IEEE},
  volume    = {91},
  number    = {7},
  year      = {2003},
  pages     = {986-1001}
}

@article{Ratschan:2007,
 author = {Stefan Ratschan and Zhikun She},
 title = {Safety verification of hybrid systems by constraint propagation-based abstraction refinement},
 journal = {ACM Trans. Embed. Comput. Syst.},
 volume = {6},
 number = {1},
 year = {2007},
 issn = {1539-9087},
 publisher = {ACM},
 address = {New York, NY, USA}
 }

@inproceedings{Frehse:05,
  author    = {Goran Frehse},
  title     = {PHAVer: Algorithmic Verification of Hybrid Systems Past HyTech},
  booktitle = {Hybrid Systems: Computation and Control International
               Workshop},
  year      = {2005},
  pages     = {258-273}
  }

@article{Yovine:1997,
    author = {Sergio Yovine},
    title = {Kronos: A Verification Tool for Real-Time Systems},
    journal = {International Journal on Software Tools for Technology Transfer},
    year = {1997},
    volume = {1},
    pages = {123--133}
}

@article{Blondel:1999,
  author    = {Vincent D. Blondel and
               John N. Tsitsiklis},
  title     = {Complexity of stability and controllability of elementary
               hybrid systems},
  journal   = {Automatica},
  volume    = {35},
  number    = {3},
  year      = {1999},
  pages     = {479-489}
}


@article{Mohrenschildt:2001,
  author = {von Mohrenschildt, Martin},
  journal = {European Journal of Control},
  number = 5,
  pages = {541-556},
  title = {Symbolic Verification of Hybrid Systems: An Algebraic Approach.},
  url = {http://dblp.uni-trier.de/db/journals/ejcon/ejcon7.html#Mohrenschildt01},
  volume = 7,
  year = 2001
}

@article{Stikkel:2004,
  author    = {G{\'a}bor Stikkel and
               Jozsef Bokor and
               Zolt{\'a}n Szab{\'o}},
  title     = {Necessary and sufficient condition for the controllability
               of switching linear hybrid systems},
  journal   = {Automatica},
  volume    = {40},
  number    = {6},
  year      = {2004},
  pages     = {1093-1097}
}

@inproceedings{Lemch:2001,
  author    = {Ekaterina S. Lemch and
               Shankar Sastry and
               Peter E. Caines},
  title     = {Global Controllability of Hybrid Systems with Controlled
               and Autonomous Switchings},
  booktitle = {Hybrid Systems: Computation and Control International
               Workshop},
  year      = {2001},
  pages     = {375-386}
}

@article{Sun:2002,
  author    = {Zhendong Sun and
               Shuzhi Sam Ge and
               Tong Heng Lee},
  title     = {Controllability and reachability criteria for switched linear
               systems},
  journal   = {Automatica},
  volume    = {38},
  number    = {5},
  year      = {2002},
  pages     = {775-786}
}

@inproceedings{Zhenyu:2003,
author={Zhenyu Yang},
booktitle={IEEE International Symposium on Intelligent Control},
title={A sufficient and necessary condition for the controllability of linear hybrid systems},
year={2003},
month={oct.},
pages={128 -133}
}

@article{Yang:2007,
title = "A unified approach to controllability analysis for hybrid control systems",
journal = "Nonlinear Analysis: Hybrid Systems",
volume = "1",
number = "2",
pages = "212 - 222",
year = "2007",
author = "Zhenyu Yang and Mogens Blanke"
}


@article{Tittus:1998,
author={Tittus, M. and Egardt, B.},
journal={Automatic Control, IEEE Transactions on}, title={Control design for integrator hybrid systems},
year={1998},
month={apr},
volume={43},
number={4},
pages={491 -500}
}

@article{Sun:2005,
  author    = {Zhendong Sun and
               Shuzhi Sam Ge},
  title     = {Analysis and synthesis of switched linear control systems},
  journal   = {Automatica},
  volume    = {41},
  number    = {2},
  year      = {2005},
  pages     = {181-195}
  }

@article {Hu:2000,
    author={J. Hu and John Lygeros and S. Sastry},
    title={{Towards a theory of stochastic hybrid systems}},
    journal={Lecture Notes in Computer Science LNCS},
    year={2000},
    volume={1790},
    number={},
    pages={160--173}
    }

@inproceedings{Koutsoukos:2006,
 author = {Koutsoukos, Xenofon and Riley, Derek},
 title = {Computational methods for reachability analysis of stochastic hybrid systems},
 booktitle = {Proceedings of the 9th international conference on Hybrid Systems: computation and control},
 series = {HSCC'06},
 year = {2006},
 pages = {377--391},
 numpages = {15},
 publisher = {Springer-Verlag},
 address = {Berlin, Heidelberg}
}


%%%% Others %%%%%%%%%%%%%%%%%%%%%%%%%%%%%%%%

@inproceedings{DLohr:2012,
  author    = {Johannes L{\"o}hr and
               Patrick Eyerich and
               Thomas Keller and
               Bernhard Nebel},
  title     = {A Planning Based Framework for Controlling Hybrid Systems},
  booktitle = {Proceedings of the Twenty-Second International Conference
               on Automated Planning and Scheduling},
  year      = {2012}
}

%%%%%%%%%%%%%%%%%%%%%%%%%%%%%%%%%%%%%%%%%

