@book{Bishop:06,
  title={Pattern recognition and machine learning},
  author={Christopher M Bishop},
  year={2006},
  publisher={Springer New York}
}

@inproceedings{Das:08,
  title={Adapting to a Market Shock: Optimal Sequential Market-Making.},
  author={Das, Sanmay and Magdon-Ismail, Malik},
  booktitle={NIPS},
  pages={361--368},
  year={2008}
}

@book{Gelman:13},
  title={Bayesian data analysis},
  author={Gelman, Andrew and Carlin, John B and Stern, Hal S and Dunson, David B and Vehtari, Aki and Rubin, Donald B},
  year={2013},
  publisher={CRC press}
}

@book{Keeney:93,
  title={Decisions with multiple objectives: preferences and value trade-offs},
  author={Keeney, Ralph L and Raiffa, Howard},
  publisher={Cambridge university press.},
  year={1993}
}

@book{Koller:09,
  title={Probabilistic graphical models: principles and techniques},
  author={Koller, Daphne and Friedman, Nir},
  year={2009},
  publisher={The MIT Press}
}

@inproceedings{Poon:06,
  title={Sound and efficient inference with probabilistic and deterministic dependencies},
  author={Poon, Hoifung and Domingos, Pedro},
  booktitle={AAAI},
  volume={6},
  pages={458--463},
  year={2006}
}

@article{Roberts:97,
  title={Weak convergence and optimal scaling of random walk Metropolis algorithms},
  author={Roberts, Gareth O. and Gelman, Andrew and Gilks, Walter R.},
  journal={The annals of applied probability},
  volume={7},
  number={1},
  pages={110--120},
  year={1997},
  publisher={Institute of Mathematical Statistics}
}

@conference{Sanner:12,
author = {Scott Sanner and Ehsan Abbasnejad},
title = {Symbolic Variable Elimination for Discrete and Continuous Graphical Models},
booktitle = {AAAI},
year = {2012}
}

@article{Shogren:00,
  title={Preference learning in consecutive experimental auctions},
  author={Shogren, Jason F and List, John A and Hayes, Dermot J},
  journal={American Journal of Agricultural Economics},
  volume={82},
  number={4},
  pages={1016--1021},
  year={2000},
  publisher={Oxford University Press}
}

@INPROCEEDINGS{sanner:aistats10,
  AUTHOR =       {S. Guo and S. Sanner},
  TITLE =        {Real-time Multiattribute {Bayesian} Preference Elicitation with Pairwise Comparison Queries},
  BOOKTITLE =    {Proceedings of the 13th International Conference on Artificial Intelligence and Statistics ({AISTATS-10})},
  YEAR =         {2010},
  volume =       {9},
  pages =        {289--296},
  address =      {Sardinia, Italy},
  month =        {May 13-15},
}

@book{Gelman:13},
  title={Bayesian data analysis},
  author={Gelman, Andrew and Carlin, John B and Stern, Hal S and Dunson, David B and Vehtari, Aki and Rubin, Donald B},
  year={2013},
  publisher={CRC press}
}


@article{chib1995understanding,
  title={Understanding the metropolis-hastings algorithm},
  author={Chib, Siddhartha and Greenberg, Edward},
  journal={The American Statistician},
  volume={49},
  number={4},
  pages={327--335},
  year={1995},
  publisher={Taylor \& Francis Group}
}


@book{robert2004monte,
  title={Monte Carlo statistical methods},
  author={Robert, Christian P and Casella, George},
  volume={319},
  year={2004},
  publisher={Citeseer}
}


@inproceedings{lerner2002monitoring,
  title={Monitoring a complex physical system using a hybrid dynamic bayes net},
  author={Lerner, Uri and Moses, Brooks and Scott, Maricia and McIlraith, Sheila and Koller, Daphne},
  booktitle={Proceedings of the Eighteenth conference on Uncertainty in artificial intelligence},
  pages={301--310},
  year={2002},
  organization={Morgan Kaufmann Publishers Inc.}
}


@inproceedings{brahma2012bayesian,
  title={A Bayesian market maker},
  author={Brahma, Aseem and Chakraborty, Mithun and Das, Sanmay and Lavoie, Allen and Magdon-Ismail, Malik},
  booktitle={Proceedings of the 13th ACM Conference on Electronic Commerce},
  pages={215--232},
  year={2012},
  organization={ACM}
}


@article{yu2012solving,
  title={Solving inverse problems with piecewise linear estimators: from Gaussian mixture models to structured sparsity},
  author={Yu, Guoshen and Sapiro, Guillermo and Mallat, St{\'e}phane},
  journal={Image Processing, IEEE Transactions on},
  volume={21},
  number={5},
  pages={2481--2499},
  year={2012},
  publisher={IEEE}
}

