@article{andrieu2010particle,
  title={Particle {M}arkov chain {M}onte {C}arlo methods},
  author={Andrieu, Christophe and Doucet, Arnaud and Holenstein, Roman},
  journal={Journal of the Royal Statistical Society: Series B (Statistical Methodology)},
  volume={72},
  number={3},
  pages={269--342},
  year={2010},
  publisher={Wiley Online Library}
}

@book{bishop2006pattern,
  title={Pattern recognition and machine learning},
  author={Bishop, Christopher M and others},
  volume={4},
  number={4},
  year={2006},
  publisher={springer New York}
}

@inproceedings{chin1987bayesian,
  title={Bayesian Belief Network Inference Using Simulation.},
  author={Chin, Homer L and Cooper, Gregory F},
  booktitle={UAI},
  pages={129--148},
  year={1987}
}

@incollection{cobb2005nonlinear,
  title={Nonlinear deterministic relationships in {B}ayesian networks},
  author={Cobb, Barry R and Shenoy, Prakash P},
  booktitle={Symbolic and Quantitative Approaches to Reasoning with Uncertainty},
  pages={27--38},
  year={2005},
  publisher={Springer}
}

%This work has some exmples
@article{cobb2006inference,
  title={Inference in hybrid {B}ayesian networks with mixtures of truncated exponentials},
  author={Cobb, Barry R and Shenoy, Prakash P},
  journal={International Journal of Approximate Reasoning},
  volume={41},
  number={3},
  pages={257--286},
  year={2006},
  publisher={Elsevier}
}

@article{cowles1996markov,
  title={Markov chain {M}onte {C}arlo convergence diagnostics: a comparative review},
  author={Cowles, Mary Kathryn and Carlin, Bradley P},
  journal={Journal of the American Statistical Association},
  volume={91},
  number={434},
  pages={883--904},
  year={1996},
  publisher={Taylor \& Francis}
}

@article{del2006sequential,
  title={Sequential {M}onte {C}arlo samplers},
  author={Del Moral, Pierre and Doucet, Arnaud and Jasra, Ajay},
  journal={Journal of the Royal Statistical Society: Series B (Statistical Methodology)},
  volume={68},
  number={3},
  pages={411--436},
  year={2006},
  publisher={Wiley Online Library}
}

@article{gel1964generalized,
  title={Generalized functions. Vol. 1: Properties and operations, Fizmatgiz, Moscow, 1958},
  author={Gel'fand, IM and Shilov, GE},
  journal={English transl., Academic Press, New York},
  year={1964}
}

@article{geman1984stochastic,
  title={Stochastic relaxation, {G}ibbs distributions, and the {B}ayesian restoration of images},
  author={Geman, Stuart and Geman, Donald},
  journal={Pattern Analysis and Machine Intelligence, IEEE Transactions on},
  number={6},
  pages={721--741},
  year={1984},
  publisher={IEEE}
}

@article{gilks1992adaptive,
  title={Adaptive rejection sampling for {G}ibbs sampling},
  author={Gilks, Walter R and Wild, Pascal},
  journal={Applied Statistics},
  pages={337--348},
  year={1992},
  publisher={JSTOR}
}

@article{gilks1995adaptive,
  title={Adaptive rejection {M}etropolis sampling within {G}ibbs sampling},
  author={Gilks, Wally R and Best, NG and Tan, KKC},
  journal={Applied Statistics},
  pages={455--472},
  year={1995},
  publisher={JSTOR}
}



@book{hammersley1964monte,
  title={Monte {C}arlo methods},
  author={Hammersley, John Michael and Handscomb, David Christopher},
  volume={1},
  year={1964},
  publisher={Methuen London}
}

@article{hartmann2008ergodic,
  title={An ergodic sampling scheme for constrained Hamiltonian systems with applications to molecular dynamics},
  author={Hartmann, Carsten},
  journal={Journal of Statistical Physics},
  volume={130},
  number={4},
  pages={687--711},
  year={2008},
  publisher={Springer}
}

@article{huseby2004system,
  title={System reliability evaluation using conditional {M}onte {C}arlo methods},
  author={Huseby, Arne B and Naustdal, Morten and Varli, Ingeborg D},
  journal={Preprint series. Statistical Research Report},
 volume={2},
  year={2004}
}

@article{kleibergen2004invariant,
  title={Invariant {B}ayesian inference in regression models that is robust against the {J}effreys--{L}indley's paradox},
  author={Kleibergen, Frank},
  journal={Journal of Econometrics},
  volume={123},
  number={2},
  pages={227--258},
  year={2004},
  publisher={Elsevier}
}

@book{koller2009probabilistic,
  title={Probabilistic graphical models: principles and techniques},
  author={Koller, Daphne and Friedman, Nir},
  year={2009},
  publisher={MIT press}
}

@article{kolmogorov1950foundations,
  title={Foundations of the Theory of Probability.},
  author={Kolmogorov, Andrei Nikolaevich},
  year={1950},
  publisher={Chelsea Publishing Co.}
}

@inproceedings{kozlov1997nonuniform,
  title={Nonuniform dynamic discretization in hybrid networks},
  author={Kozlov, Alexander V and Koller, Daphne},
  booktitle={Proceedings of the Thirteenth conference on Uncertainty in artificial intelligence},
  pages={314--325},
  year={1997},
  organization={Morgan Kaufmann Publishers Inc.}
}

@article{kschischang2001factor,
  title={Factor graphs and the sum-product algorithm},
  author={Kschischang, Frank R and Frey, Brendan J and Loeliger, H-A},
  journal={Information Theory, IEEE Transactions on},
  volume={47},
  number={2},
  pages={498--519},
  year={2001},
  publisher={IEEE}
}

@article{lauritzen2001stable,
  title={Stable local computation with conditional {G}aussian distributions},
  author={Lauritzen, Steffen L and Jensen, Frank},
  journal={Statistics and Computing},
  volume={11},
  number={2},
  pages={191--203},
  year={2001},
  publisher={Springer}
}

@inproceedings{li2013dynamic,
  title={Dynamic Scaled Sampling for Deterministic Constraints},
  author={Li, Lei and Ramsundar, Bharath and Russell, Stuart},
  booktitle={Proceedings of the Sixteenth International Conference on Artificial Intelligence and Statistics},
  pages={397--405},
  year={2013}
}

@article{lunn2009bugs,
  title={The {BUGS} project: Evolution, critique and future directions},
  author={Lunn, David and Spiegelhalter, David and Thomas, Andrew and Best, Nicky},
  journal={Statistics in medicine},
  volume={28},
  number={25},
  pages={3049--3067},
  year={2009},
  publisher={Wiley Online Library}
}

@article{melo1993conditional,
  title={A conditional probability approach to the calculation of frequency and duration indices in composite reliability evaluation},
  author={Melo, ACG and Pereira, MVF and Leite da Silva, AM},
  journal={Power Systems, IEEE Transactions on},
  volume={8},
  number={3},
  pages={1118--1125},
  year={1993},
  publisher={IEEE}
}

@article{metropolis1953equation,
  title={Equation of state calculations by fast computing machines},
  author={Metropolis, Nicholas and Rosenbluth, Arianna W and Rosenbluth, Marshall N and Teller, Augusta H and Teller, Edward},
  journal={The journal of chemical physics},
  volume={21},
  number={6},
  pages={1087--1092},
  year={1953},
  publisher={AIP Publishing}
}

@incollection{moral2001mixtures,
  title={Mixtures of truncated exponentials in hybrid {B}ayesian networks},
  author={Moral, Seraf{\'\i}n and Rum{\'\i}, Rafael and Salmer{\'o}n, Antonio},
  booktitle={Symbolic and Quantitative Approaches to Reasoning with Uncertainty},
  pages={156--167},
  year={2001},
  publisher={Springer}
}

@book{morgan2008geometric,
  title={Geometric measure theory: a beginner's guide},
  author={Morgan, Frank},
  year={2008},
  publisher={Academic press}
}

@article{neal2011mcmc,
  title={{MCMC} using {H}amiltonian dynamics},
  author={Neal, Radford M},
  journal={Handbook of Markov Chain Monte Carlo},
  volume={2},
  year={2011}
}

@article{roberts1997weak,
  title={Weak convergence and optimal scaling of random walk {M}etropolis algorithms},
  author={Roberts, Gareth O and Gelman, Andrew and Gilks, Walter R and others},
  journal={The annals of applied probability},
  volume={7},
  number={1},
  pages={110--120},
  year={1997},
  publisher={Institute of Mathematical Statistics}
}

@article{patil2010pymc,
  title={Py{MC}: {B}ayesian stochastic modelling in {P}ython},
  author={Patil, Anand and Huard, David and Fonnesbeck, Christopher J},
  journal={Journal of statistical software},
  volume={35},
  number={4},
  pages={1},
  year={2010},
  publisher={Europe PMC Funders}
}

@article{pearl1987evidential,
  title={Evidential reasoning using stochastic simulation of causal models},
  author={Pearl, Judea},
  journal={Artificial Intelligence},
  volume={32},
  number={2},
  pages={245--257},
  year={1987},
  publisher={Elsevier}
}

@article{pennec2006intrinsic,
  title={Intrinsic statistics on Riemannian manifolds: Basic tools for geometric measurements},
  author={Pennec, Xavier},
  journal={Journal of Mathematical Imaging and Vision},
  volume={25},
  number={1},
  pages={127--154},
  year={2006},
  publisher={Springer}
}


@conference{Sanner:12,
title = {Symbolic Variable Elimination for Discrete and Continuous Graphical Models},
author = {Scott Sanner and Ehsan Abbasnejad},
booktitle = {AAAI},
year = {2012}
}

@article{shenoy2011inference,
  title={Inference in hybrid {B}ayesian networks using mixtures of polynomials},
  author={Shenoy, Prakash P and West, James C},
  journal={International Journal of Approximate Reasoning},
  volume={52},
  number={5},
  pages={641--657},
  year={2011},
  publisher={Elsevier}
}

@article{shenoy2012two,
  title={Two issues in using mixtures of polynomials for inference in hybrid {B}ayesian networks},
  author={Shenoy, Prakash P},
  journal={International Journal of Approximate Reasoning},
  volume={53},
  number={5},
  pages={847--866},
  year={2012},
  publisher={Elsevier}
}

@manual{stan-manual:2014,
  author = {{Stan Development Team}},
  year = {2014},
  title = {Stan Modeling Language Users Guide and Reference Manual,
           Version 2.5.0},
  url = {http://mc-stan.org/}
}

@inproceedings{wood2014new,
  title={A new approach to probabilistic programming inference},
  author={Wood, Frank and van de Meent, Jan Willem and Mansinghka, Vikash},
  booktitle={Proceedings of the 17th International conference on Artificial Intelligence and Statistics},
  year={2014}
}

@inproceedings{wingate2011lightweight,
  title={Lightweight implementations of probabilistic programming languages via transformational compilation},
  author={Wingate, David and Stuhlmueller, Andreas and Goodman, Noah D},
  booktitle={International Conference on Artificial Intelligence and Statistics},
  pages={770--778},
  year={2011}
}

