%%%%%%%%%% BOOKS %%%%%%%%%% 
%Traditional MDP
@book{howard60,
 author = {R. A. Howard},
 title = {Dynamic {P}rogramming and {M}arkov {P}rocess},
 year = {1960},
 isbn = {0262080095},
 publisher = {The MIT Press}, }
 
@book{bellman57,
   author = {R. E. Bellman},
   title = {Dynamic {P}rogramming},
   year = {1957},
   publisher = {Princeton University Press},
   address = {USA} }
 
@book{puterman94,
key        =    "Puterman1994",
author     =    "M. L. Puterman",
title      =    "Markov decision processes",
publisher  =    "John {W}iley and {S}ons",
address    =    "New York",
year       =    "1994",  }

%Algorithms

@book{hromkovic01,
 author = {J. Hromkovic},
 title = { Algorithms for hard problems: introduction to combinatorial optimization, randomization, approximation, and heuristics},
 year = {2001},
 publisher = {Springer-Verlag},
 }
 
 @book{clrs01,
 author = {Cormen, Thomas H. and Stein, Clifford and Rivest, Ronald L. and Leiserson, Charles E.},
 title = {Introduction to Algorithms},
 year = {2001},
 isbn = {0070131511},
 edition = {2nd},
 publisher = {McGraw-Hill Higher Education},
}


%Traditional Planning
@book{russellnorvig03,
 author = {Russell, Stuart J. and Norvig, Peter},
 title = {Artificial Intelligence: A Modern Approach},
 year = {2003},
 isbn = {0137903952},
 edition = {2},
 publisher = {Pearson Education},
} 

@book{nau04,
 author = {Nau, Dana and Ghallab, Malik and Traverso, Paolo},
 title = {Automated Planning: Theory \& Practice},
 year = {2004},
 isbn = {1558608567},
 publisher = {Morgan Kaufmann Publishers Inc.},
 address = {San Francisco, CA, USA},
} 

%Efficient MDP Planning
@book{mausam12,
  author    = {Mausam and
               Andrey Kolobov},
  title     = {Planning with Markov Decision Processes: An {AI} Perspective},
  booktitle = {Planning with Markov Decision Processes: An AI Perspective},
  publisher = {Morgan {\&} Claypool Publishers},
  series    = {Synthesis Lectures on Artificial Intelligence and Machine
               Learning},
  year      = {2012},
  ee        = {http://dx.doi.org/10.2200/S00426ED1V01Y201206AIM017},
  bibsource = {DBLP, http://dblp.uni-trier.de}
}

%%%%%%%%%%%%%%%%%% ARTICLES %%%%%%%%%%%%%%%%%%%%

%MDP Complexity
@article{papadimitriou87,
	address = {Institute for Operations Research and the Management Sciences (INFORMS), Linthicum, Maryland, USA},
	author = {Papadimitriou, C.  and Tsitsiklis, J. N. },
	citeulike-article-id = {1398233},
	journal = {Mathematics of Operations Research},
	keywords = {complexity mdp},
	number = {3},
	pages = {441--450},
	priority = {5},
	publisher = {INFORMS},
	title = {The complexity of {M}arkov decision processes},
	volume = {12},
	year = {1987}
}

 % RTDP-like MDP
@article{barto95RTDP,
 author = {Barto, A.G. and Bradtke, S.J. and Singh, S.P.},
 title = {Learning to act using real-time dynamic programming},
 journal = {Artificial Intelligence},
 volume = {72},
 number = {1-2},
 year = {1995},
 issn = {0004-3702},
 pages = {81--138},
 doi = {http://dx.doi.org/10.1016/0004-3702(94)00011-O},
 publisher = {Elsevier Science Publishers Ltd.},
 address = {Essex, UK},
 }

@INPROCEEDINGS{bonet03LRTDP,
    author = {B. Bonet and H. Geffner},
    title = {Labeled {RTDP}: {I}mproving the convergence of real-time dynamic programming},
    booktitle = {ICAPS-03},
    year = {2003},
    pages = {12--21},
    publisher = {AAAI Press}
}

@inproceedings{bonet05MGPT,
   author = {B. Bonet and H. Geffner},
   title = {m{G}{P}{T}: A probabilistic planner based on heuristic search},
   booktitle = {Journal of Artificial Intelligence Research},
   volume = {24},
   pages = {933--944},
   year = {2005},
}
 
 @inproceedings{mcmahan05BRTDP,
 author = {McMahan, H. B. and Likhachev, M. and Gordon, G. J.},
 title = {Bounded real-time dynamic programming: {R}{T}{D}{P} with monotone upper bounds and performance guarantees},
 booktitle = {22nd ICML},
 year = {2005},
 isbn = {1-59593-180-5},
 pages = {569--576},
 location = {Bonn, Germany},
 doi = {http://doi.acm.org/10.1145/1102351.1102423},
 publisher = {ACM},
 address = {New York, NY, USA},
 }

@InProceedings{smith06FRTDP,
  author = 	 {T. Smith and R. G. Simmons},
  title = 	 {Focused real-time dynamic programming for {MDPs}: {S}queezing more out of a heuristic},
  booktitle =	 {Proc. Nat. Conf. on Artificial Intelligence (AAAI)},
  year =	 2006,
}

% Sampling-based Discrete MDP solutions
@ARTICLE{kearns02,
    author = {Michael Kearns and Yishay Mansour and Andrew Y. Ng},
    title = {A Sparse Sampling Algorithm for Near-Optimal Planning in Large Markov Decision Processes},
    journal = {MACHINE LEARNING},
    year = {2002},
    volume = {49},
    pages = {193--208}
}

@inproceedings{silver10,
author = "D. Silver and J. Veness",
title = "Monte-Carlo Planning in Large {POMDPs}",
booktitle = "NIPS 2010",
year = "2010"
}

@INPROCEEDINGS{kocsis06UCT,
    author = {L. Kocsis and C. Szepesvari},
    title = {{B}andit based {M}onte-{C}arlo {P}lanning},
    booktitle = {15th European Conference on machine Learning},
    year = {2006},
    pages = {282-293}
}

@article{tesauro12,
  author    = {Gerald Tesauro and
               V. T. Rajan and
               Richard Segal},
  title     = {Bayesian Inference in Monte-Carlo Tree Search},
  journal   = {CoRR},
  volume    = {abs/1203.3519},
  year      = {2012},
  ee        = {http://arxiv.org/abs/1203.3519},
  bibsource = {DBLP, http://dblp.uni-trier.de}
}

@article{browne12survey,
  added-at = {2012-04-19T00:00:00.000+0200},
  author = {Browne, Cameron and Powley, Edward J. and Whitehouse, Daniel and Lucas, Simon M. and Cowling, Peter I. and Rohlfshagen, Philipp and Tavener, Stephen and Perez, Diego and Samothrakis, Spyridon and Colton, Simon},
  biburl = {http://www.bibsonomy.org/bibtex/214327bfa3867a48fd88ece39270fc79a/dblp},
  ee = {http://dx.doi.org/10.1109/TCIAIG.2012.2186810},
  interhash = {93124d4e3f28f3c31bf4b34b961650b0},
  intrahash = {14327bfa3867a48fd88ece39270fc79a},
  journal = {IEEE Trans. Comput. Intellig. and AI in Games},
  keywords = {dblp},
  number = 1,
  pages = {1-43},
  timestamp = {2012-04-19T00:00:00.000+0200},
  title = {A Survey of Monte Carlo Tree Search Methods.},
  url = {http://dblp.uni-trier.de/db/journals/tciaig/tciaig4.html#BrownePWLCRTPSC12},
  volume = 4,
  year = 2012
}

% Factored MDP Linear Programming Solutions
@phdthesis{guestrin03phd,
Author = {Carlos Ernesto Guestrin},
Title = {Planning Under Uncertainty in Complex Structured Environments},
School = {Computer Science Department, Stanford University},
Year = {2003},
Type = {{PhD} in {C}omputer {S}cience},
Address = {Biomathematics Group, R. Qta. Grande 6, 2780-156 Oeiras, Portugal},
}

@article{guestrin03,
  author    = {Carlos Guestrin and
               Daphne Koller and
               Ronald Parr and
               S. Venkataraman},
  title     = {Efficient Solution Algorithms for Factored {MDPs}},
  journal   = {CoRR},
  volume    = {abs/1106.1822},
  year      = {2011},
  ee        = {http://arxiv.org/abs/1106.1822},
  bibsource = {DBLP, http://dblp.uni-trier.de}
}

@INPROCEEDINGS{guestrin01,
    author = {Carlos Guestrin and Daphne Koller and Ronald Parr},
    title = {Multiagent Planning with Factored {MDPs}},
    booktitle = {In NIPS-14},
    year = {2001},
    pages = {1523--1530},
    publisher = {The MIT Press}
}

@phdthesis{patrascu04,
 author = {R. Patruscu},
 title = {Linear approximations for factored {M}arkov decision processes},
 year = {2004},
 school = {University of Waterloo}
}

% Dynamic Bayesian Networks 
@article{dean90DBN,
 author = {T. Dean and K. Kanazawa},
 title = {A model for reasoning about persistence and causation},
 journal = {Computational Intelligence},
 volume = {5},
 number = {3},
 year = {1990},
 issn = {0824-7935},
 pages = {142--150},
 publisher = {Blackwell Publishers, Inc.},
 address = {Cambridge, MA, USA},
 }
 
%Decision Diagrams
@inproceedings{bahar93ADD,
  author    = {R. Iris Bahar and
               Erica A. Frohm and
               Charles M. Gaona and
               Gary D. Hachtel and
               Enrico Macii and
               Abelardo Pardo and
               Fabio Somenzi},
  title     = {Algebraic decision diagrams and their applications},
  booktitle = {ICCAD},
  year      = {1993},
  pages     = {188-191},
  ee        = {http://doi.acm.org/10.1145/259794.259826},
  crossref  = {DBLP:conf/iccad/1993},
  bibsource = {DBLP, http://dblp.uni-trier.de}
}
@proceedings{DBLP:conf/iccad/1993,
  editor    = {Michael R. Lightner and
               Jochen A. G. Jess},
  title     = {Proceedings of the 1993 IEEE/ACM International Conference
               on Computer-Aided Design, 1993, Santa Clara, California,
               USA, November 7-11, 1993},
  booktitle = {ICCAD},
  publisher = {IEEE Computer Society},
  year      = {1993},
  isbn      = {0-8186-4490-7},
  bibsource = {DBLP, http://dblp.uni-trier.de}
}

@INPROCEEDINGS{sanner05AADD,
    author = {Scott Sanner},
    title = {Affine Algebraic Decision Diagrams (AADDs) and their Application to Structured Probabilistic Inference},
    booktitle = {In IJCAI},
    year = {2005},
    pages = {1384--1390}
}

% Symbolic Dynamic Programming Discrete MDP
@inproceedings{boutilier95,
  author = {Craig Boutilier and Thomas Dean and Steve Hanks},
  title = {Planning Under Uncertainty: Structural Assumptions and Computational Leverage},
  booktitle = {Proceedings of the Third European Workshop on Planning},
  url = {planning.pdf},
  year = {1995}
}

@article(boutilier99,
key         =  "Boutilier99",
author      =  "C. Boutilier and S. Hanks and T. Dean",
title       =  "Decision-theoretic planning: {S}tructural assumptions
               and computational leverage",
journal     =  "Journal of Artificial Intelligence Research",
volume      =  "11",
pages       =  "1-94",
year        =  "1999",
ISSN        =  "1076-9757",
)

@inproceedings{hoey99SPUDD,
 author = {Hoey, Jesse and St-Aubin, Robert and Hu, Alan and Boutilier, Craig},
 title = {{SPUDD}: stochastic planning using decision diagrams},
 booktitle = {Proceedings of the Fifteenth conference on Uncertainty in artificial intelligence},
 series = {UAI'99},
 year = {1999},
 isbn = {1-55860-614-9},
 location = {Stockholm, Sweden},
 pages = {279--288},
 numpages = {10},
 url = {http://dl.acm.org/citation.cfm?id=2073796.2073828},
 acmid = {2073828},
 publisher = {Morgan Kaufmann Publishers Inc.},
 address = {San Francisco, CA, USA},
}

@inproceedings{staubin00APRICODD,
author = "Robert St-Aubin and Jesse Hoey and Craig Boutilier",
title = "{APRICODD}: Approximate Policy Construction using Decision Diagrams",
booktitle = "{NIPS-2000}",
pages = "1089--1095",
address = "Denver",
year = "2000"}

@inproceedings{feng03SRTDP,
  author    = {Zhengzhu Feng and
               Eric A. Hansen and
               Shlomo Zilberstein},
  title     = {Symbolic Generalization for On-line Planning},
  booktitle = {UAI},
  year      = {2003},
  pages     = {209-216},
  ee        = {http://uai.sis.pitt.edu/displayArticleDetails.jsp?mmnu=1{\&}smnu=2{\&}article_id=931{\&}proceeding_id=19},
  crossref  = {uai03},
  bibsource = {DBLP, http://dblp.uni-trier.de}
}
@proceedings{uai2003,
  editor    = {Christopher Meek and
               Uffe Kj{\ae}rulff},
  title     = {UAI '03, Proceedings of the 19th Conference in Uncertainty
               in Artificial Intelligence, Acapulco, Mexico, August 7-10
               2003},
  booktitle = {UAI},
  publisher = {Morgan Kaufmann},
  year      = {2003},
  isbn      = {0-127-05664-5},
  bibsource = {DBLP, http://dblp.uni-trier.de}
}

@inproceedings{delgado10SBRTDP,
 author = {K. V. Delgado and C. Fang and S. Sanner and L. N. de Barros},
 title = {Symbolic Bounded Real-time
Dynamic Programming},
    booktitle = "{Brazilian Symposium on Artificial Intelligence (SBIA-2010)}",
    year = "2010",
  series    = {Lecture Notes in Computer Science},
} 

% State of the art discrete MDP solutions:
@inproceedings{kolobov12GLUTTON,
	author = {Andrey Kolobov and Peng Dai and Mausam and Daniel Weld},
	title = {Reverse Iterative Deepening for Finite-Horizon {MDPs} with Large Branching Factors},
	booktitle = {International Conference on Automated Planning and Scheduling},
	year = {2012},
	keywords = {MDP; planning under uncertainty; IPPC; iterative deepening},
	url = {http://aaai.org/ocs/index.php/ICAPS/ICAPS12/paper/view/4722}
}
%url = {https://www.aaai.org/ocs/index.php/AAAI/AAAI12/paper/view/4961}
@inproceedings{kolobov12GOURMAND,
	author = {Andrey Kolobov and Mausam and Daniel Weld},
	title = { {LRTDP} {V}ersus {UCT} for Online Probabilistic Planning},
	booktitle = {AAAI Conference on Artificial Intelligence},
	year = {2012},
	keywords = {Markov Decision Process; UCT; LRTDP; Online planning}
}
@inproceedings{keller12PROST,
  author    = {Thomas Keller and
               Patrick Eyerich},
  title     = {{PROST}: Probabilistic Planning Based on {UCT}},
  booktitle = {ICAPS},
  year      = {2012},
  ee        = {http://www.aaai.org/ocs/index.php/ICAPS/ICAPS12/paper/view/4715},
  crossref  = {DBLP:conf/aips/2012},
  bibsource = {DBLP, http://dblp.uni-trier.de}
}
@proceedings{DBLP:conf/aips/2012,
  editor    = {Lee McCluskey and
               Brian Williams and
               Jos{\'e} Reinaldo Silva and
               Blai Bonet},
  title     = {Proceedings of the Twenty-Second International Conference
               on Automated Planning and Scheduling, ICAPS 2012, Atibaia,
               S{\~a}o Paulo, Brazil, June 25-19, 2012},
  booktitle = {ICAPS},
  publisher = {AAAI},
  year      = {2012},
  isbn      = {978-1-57735-562-5},
  bibsource = {DBLP, http://dblp.uni-trier.de}
}


%Continuous MDPs

@INPROCEEDINGS{feng04,
AUTHOR = "Zhengzhu Feng and Richard Dearden and Nicolas Meuleau and Richard Washington",
TITLE = "Dynamic Programming for Structured Continuous Markov Decision Problems",
BOOKTITLE = "Proceedings of the UAI-04",
YEAR = "2004",
PAGES = "154--161"
}
@inproceedings{boyan01,
  author = "Justin Boyan and Michael Littman",
  title = "Exact Solutions to Time-dependent {MDPs}",
  booktitle = "Advances in Neural Information Processing Systems {NIPS-00}",
  pages = "1026-1032",
  year = "2001"
}

@inproceedings{phase07,
  author    = {Janusz Marecki and
               Sven Koenig and
               Milind Tambe},
  title     = {A Fast Analytical Algorithm for Solving Markov Decision
               Processes with Real-Valued Resources},
  booktitle = {International Conference on Uncertainty in Artificial Intelligence {IJCAI}},
  year      = {2007},
  pages     = {2536-2541},
}

@inproceedings{li05,
  author    = {Lihong Li and
               Michael L. Littman},
  title     = {Lazy Approximation for Solving Continuous Finite-Horizon
               {MDPs}},
  booktitle = {AAAI},
  year      = {2005},
  pages     = {1175-1180},
  ee        = {http://www.aaai.org/Library/AAAI/2005/aaai05-186.php},
  bibsource = {DBLP, http://dblp.uni-trier.de}
}

@article{meuleau09HAO,
  author    = {Nicolas Meuleau and
               Emmanuel Benazera and
               Ronen I. Brafman and
               Eric A. Hansen and
               Mausam},
  title     = {A Heuristic Search Approach to Planning with Continuous
               Resources in Stochastic Domains},
  journal   = {Journal Artificial Intelligence Research (JAIR)},
  volume    = {34},
  year      = {2009},
  pages     = {27-59},
}

%%% SDP %%%%
@inproceedings{sanner11,
  author = "Scott Sanner and Karina Valdivia Delgado and Leliane Nunes {de Barros}",
  title = "Symbolic Dynamic Programming for Discrete and Continuous State {MDPs}",
  booktitle = "Proceedings of {UAI-2011}",
  address = "Barcelona",
  year = "2011"}				

@inproceedings{zamani12,
  author    = {Zahra Zamani and Scott Sanner and Cheng Fang},
  title     = {Symbolic Dynamic Programming for Continuous State and Action {MDPs}},
  booktitle = {AAAI},
  year      = {2012},
  ee        = {http://www.aaai.org/ocs/index.php/AAAI/AAAI12/paper/view/5186},
  crossref  = {DBLP:conf/aaai/2012},
  bibsource = {DBLP, http://dblp.uni-trier.de}
}
@proceedings{DBLP:conf/aaai/2012,
  editor    = {J{\"o}rg Hoffmann and Bart Selman},
  title     = {Proceedings of the Twenty-Sixth AAAI Conference on Artificial
               Intelligence, July 22-26, 2012, Toronto, Ontario, Canada},
  booktitle = {AAAI},
  publisher = {AAAI Press},
  year      = {2012},
  bibsource = {DBLP, http://dblp.uni-trier.de}
}

@INPROCEEDINGS{vianna13,
AUTHOR = "Luis Gustavo Rocha Vianna and Scott Sanner and Leliane Nunes de Barros",
TITLE = "Bounded Approximate Symbolic Dynamic Programming for Hybrid {MDPs}",
BOOKTITLE = "Proceedings of the Twenty-Ninth Conference Annual Conference on Uncertainty in Artificial Intelligence (UAI-13)",
PUBLISHER = "AUAI Press",
ADDRESS = "Corvallis, Oregon",
YEAR = "2013",
PAGES = "674--683"
}

%%%%%%%%%%%% Control HMDP %%%%%%%%%%%%%%%%%%%%
@article{ono13,
  author    = {Masahiro Ono and
               Brian C. Williams and
               Lars Blackmore},
  title     = {Probabilistic Planning for Continuous Dynamic Systems under
               Bounded Risk},
  journal   = {J. Artif. Intell. Res. (JAIR)},
  volume    = {46},
  year      = {2013},
  pages     = {511-577},
  ee        = {http://dx.doi.org/10.1613/jair.3893},
  bibsource = {DBLP, http://dblp.uni-trier.de}
}

%%%%%%%%%%%% Hybrid Linear Programming Programming %%%%%%%%%%%%%%%
@article{guestrin04HALP,
  author    = {Carlos Guestrin and
               Milos Hauskrecht and
               Branislav Kveton},
  title     = {Solving Factored {MDPs} with Continuous and Discrete Variables},
  journal   = {CoRR},
  volume    = {abs/1207.4150},
  year      = {2004},
  ee        = {http://arxiv.org/abs/1207.4150},
  bibsource = {DBLP, http://dblp.uni-trier.de}
}

@article{kveton06HALP,
  author    = {Branislav Kveton and
               Milos Hauskrecht and
               Carlos Guestrin},
  title     = {Solving Factored {MDPs} with Hybrid State and Action Variables},
  journal   = {J. Artif. Intell. Res. (JAIR)},
  volume    = {27},
  year      = {2006},
  pages     = {153-201},
  ee        = {http://dx.doi.org/10.1613/jair.2085},
  bibsource = {DBLP, http://dblp.uni-trier.de}
}


%%%%%%%%%%%%%%%%%% Sampling %%%%%%%%%%%%%%%%%%%%%%%%%

@article{szepesvari01,
 author = {Szepesv\'{a}ri, Csaba},
 title = {Efficient Approximate Planning in Continuous Space Markovian Decision Problems},
 journal = {AI Commun.},
 issue_date = {August 2001},
 volume = {14},
 number = {3},
 month = aug,
 year = {2001},
 issn = {0921-7126},
 pages = {163--176},
 numpages = {14},
 url = {http://dl.acm.org/citation.cfm?id=1216551.1216555},
 acmid = {1216555},
 publisher = {IOS Press},
 address = {Amsterdam, The Netherlands, The Netherlands},
 keywords = {Markovian Decision Problems, Monte\?Carlo algorithms, planning, value iteration},
} 


%%%%%%%%%%%%% Experiments: %%%%%%%%%%%%%%%%%%%%%%

%Mars Roves
@inproceedings{bresina02,
author    = "John L. Bresina and
Richard Dearden and
Nicolas Meuleau and
Sailesh Ramkrishnan and
David E. Smith and
Richard Washington",
title = "Planning under Continuous Time and Resource Uncertainty:A Challenge for AI",
booktitle = "Uncertainty in Artificial Intelligence (UAI-02)",
year= "2002"
}

%Sysadmin
@InProceedings{guestrin01sys,
  author =       "Guestrin, Carlos and Koller, Daphne and Parr, Ronald",
  title =        "Max-norm Projections for Factored {MDP}s",
  booktitle =    "Proceedings of the Seventeenth International Joint Conference on Artificial Intelligence (IJCAI 2001)",
  year =         "2001",
  ISBN =         "1-55860-777-3",
  publisher = "Morgan Kaufmann",
  pages =     "673--680",
  url = "http://select.cs.cmu.edu/publications/paperdir/ijcai2001-guestrin-koller-parr.pdf",
  bib2html_rescat = "Function Approximation",
}

%Inventory
@article{Scarf2002,
author = {Scarf, Herbert E},
journal = {Operations Research},
number = {1},
pages = {186--191},
title = {Inventory Theory},
volume = {50},
year = {2002}
}

@book{Scarf_Karlin58 ,
author = "Arrow, Kenneth and Karlin, Samuel and Scarf, Herbert",
title = "Studies in the mathematical theory of inventory and production",
publisher = "Stanford University Press",
year = "1958"}

%%%%%%%%%%%%%% Researchers %%%%%%%%%%%%%%%%%%%%%%
@misc{p:ssanner,
   author = "Scott Sanner",
   url = "http://users.cecs.anu.edu.au/~ssanner/",
   year = {2013},
   note = "[Acessado em 07/10/2013]"
 }

@misc{i:nicta,
   author = "NICTA",
   title = "National {I}{C}{T} {A}ustralia",
   url = "http://nicta.com.au",
   year = {2013}
 }

@misc{e:ippc2011,
   author = "International Probabilistic Planning Competition",
   url = "http://users.cecs.anu.edu.au/~ssanner/IPPC\_2011/",
   year = {2011},
   note = "http://users.cecs.anu.edu.au/~ssanner/IPPC\_2011/ [Acessado em 16/10/2013]"
 }