% This file was created with JabRef 2.8.1.
% Encoding: UTF8

@BOOK{Scarf_Karlin58,
  title = {Studies in the mathematical theory of inventory and production},
  publisher = {Stanford University Press},
  year = {1958},
  author = {Arrow, Kenneth and Karlin, Samuel and Scarf, Herbert}
}

@ARTICLE{lqgc,
  author = {M. Athans},
  title = {The role and use of the stochastic Linear-Quadratic-Gaussian problem
	in control system design},
  journal = {IEEE Transaction on Automatic Control},
  year = {1971},
  volume = {16},
  pages = {529--552},
  number = {6}
}

@INPROCEEDINGS{bahar93add,
  author = {R. Iris Bahar and Erica Frohm and Charles Gaona and Gary Hachtel
	and Enrico Macii and Abelardo Pardo and Fabio Somenzi},
  title = {{A}lgebraic {D}ecision {D}iagrams and their applications},
  booktitle = {{IEEE} /{ACM} International Conference on {CAD}},
  year = {1993}
}

@BOOK{bellman,
  title = {Dynamic Programming},
  publisher = {Princeton University Press},
  year = {1957},
  author = {Richard E. Bellman},
  address = {Princeton, NJ}
}

@ARTICLE{bitran,
  author = {Gabriel R Bitran and Horacio Yanasse},
  title = {Computational complexity of the capacitated lot size problem},
  journal = {Management Science},
  year = {1982},
  volume = {28},
  pages = {1271-81},
  number = {10}
}

@ARTICLE{boutilier99dt,
  author = {Craig Boutilier and Thomas Dean and Steve Hanks},
  title = {Decision-Theoretic Planning: Structural Assumptions and Computational
	Leverage},
  journal = {{JAIR}},
  year = {1999},
  volume = {11},
  pages = {1-94}
}

@INPROCEEDINGS{bout96,
  author = {Boutilier, Craig and Friedman, Nir and Goldszmidt, Moises and Koller,
	Daphne },
  title = {Context-specific {I}ndependence in {B}ayesian {N}etworks},
  booktitle = {Proc. 12th UAI},
  year = {1996},
  pages = {115--123},
  citeulike-article-id = {916909},
  keywords = {bibtex-import},
  posted-at = {2006-10-29 20:32:43},
  priority = {0}
}

@INPROCEEDINGS{fomdp,
  author = {Craig Boutilier and Ray Reiter and Bob Price},
  title = {Symbolic Dynamic Programming for First-order {MDPs}},
  booktitle = {{IJCAI-01}},
  year = {2001},
  pages = {690--697},
  address = {Seattle}
}

@INPROCEEDINGS{boyan01,
  author = {Justin Boyan and Michael Littman},
  title = {Exact Solutions to Time-dependent {MDPs}},
  booktitle = {Advances in Neural Information Processing Systems {NIPS-00}},
  year = {2001},
  pages = {1026-1032}
}

@INPROCEEDINGS{bresina02,
  author = {John L. Bresina and Richard Dearden and Nicolas Meuleau and Sailesh
	Ramkrishnan and David E. Smith and Richard Washington},
  title = {Planning under Continuous Time and Resource Uncertainty: A Challenge
	for AI},
  booktitle = {Uncertainty in Artificial Intelligence ({UAI-02})},
  year = {2002},
  pages = {77-84}
}

@ARTICLE{bryant,
  author = {Randal E. Bryant},
  title = {Graph-Based {A}lgorithms for {B}oolean {F}unction {M}anipulation},
  journal = {{IEEE} Transactions on Computers},
  year = {1986},
  volume = {35},
  pages = {677--691},
  number = {8}
}

@INPROCEEDINGS{feng04,
  author = {Zhengzhu Feng and Richard Dearden and Nicolas Meuleau and Richard
	Washington},
  title = {Dynamic Programming for Structured Continuous Markov Decision Problems},
  booktitle = {Uncertainty in Artificial Intelligence ({UAI-04})},
  year = {2004},
  pages = {154-161}
}

@INPROCEEDINGS{spudd,
  author = {Jesse Hoey and Robert St-Aubin and Alan Hu and Craig Boutilier},
  title = {{SPUDD}: Stochastic Planning using Decision Diagrams},
  booktitle = {{UAI-99}},
  year = {1999},
  pages = {279--288},
  address = {Stockholm}
}

@ARTICLE{kveton06,
  author = {Branislav Kveton and Milos Hauskrecht and Carlos Guestrin},
  title = {Solving Factored MDPs with Hybrid State and Action Variables},
  journal = {Journal Artificial Intelligence Research (JAIR)},
  year = {2006},
  volume = {27},
  pages = {153-201}
}

@INPROCEEDINGS{reservoir,
  author = {Bernard. Lamond and Abdeslem. Boukhtouta},
  title = {Water Reservoir applications of Markov Decision Processes},
  booktitle = {International Series in Operations Research and Management Science,
	Springer},
  year = {2002}
}

@INPROCEEDINGS{li05,
  author = {Lihong Li and Michael L. Littman},
  title = {Lazy Approximation for Solving Continuous Finite-Horizon MDPs},
  booktitle = {National Conference on Artificial Intelligence {AAAI-05}},
  year = {2005},
  pages = {1175-1180}
}

@PHDTHESIS{Mahootchi2009,
  author = {Masoud Mahootchi},
  title = {Storage System Management Using Reinforcement Learning Techniques
	and Nonlinear Models},
  school = {University of Waterloo,Canada},
  year = {2009}
}

@INPROCEEDINGS{phase07,
  author = {Janusz Marecki and Sven Koenig and Milind Tambe},
  title = {A Fast Analytical Algorithm for Solving Markov Decision Processes
	with Real-Valued Resources},
  booktitle = {International Conference on Uncertainty in Artificial Intelligence
	{IJCAI}},
  year = {2007},
  pages = {2536-2541}
}

@ARTICLE{hao09,
  author = {Nicolas Meuleau and Emmanuel Benazera and Ronen I. Brafman and Eric
	A. Hansen and Mausam},
  title = {A Heuristic Search Approach to Planning with Continuous Resources
	in Stochastic Domains},
  journal = {Journal Artificial Intelligence Research (JAIR)},
  year = {2009},
  volume = {34},
  pages = {27-59}
}

@INPROCEEDINGS{penberthy94,
  author = {J. Scott Penberthy and Daniel S. Weld},
  title = {Temporal Planning with Continuous Change},
  booktitle = {National Conference on Artificial Intelligence {AAAI}},
  year = {1994},
  pages = {1010-1015}
}

@ARTICLE{munos02,
  author = { Remi Munos, Andrew Moore },
  title = {Variable Resolution Discretization in Optimal Control},
  journal = {Machine Learning},
  year = {2002},
  volume = {49, 2--3},
  pages = {291-323},
  editor = {Satinder Singh},
  publisher = {Kluwer Academic Publishers}
}

@INPROCEEDINGS{apricodd,
  author = {Robert St-Aubin and Jesse Hoey and Craig Boutilier},
  title = {{APRICODD}: Approximate Policy Construction using Decision Diagrams},
  booktitle = {{NIPS-2000}},
  year = {2000},
  pages = {1089--1095},
  address = {Denver}
}

@ARTICLE{wusd10,
  author = {Tao Wu and Leyuan Shi and N. A. Duffie},
  title = {An HNP-MP Approach for the Capacitated Multi-Item Lot Sizing Problem
	With Setup Times},
  journal = {IEEE T. Automation Science and Engineering},
  year = {2010},
  volume = {7},
  pages = {500-511},
  number = {3}
}

@ARTICLE{Yeh1985,
  author = { William G Yeh },
  title = {Reservoir management and operations models: A state-of-the-art review},
  journal = {Water Resources research},
  year = {1985},
  volume = {21,12},
  pages = {1797–1818}
}

@ARTICLE{varelim,
  author = {Nevin Lianwen Zhang and David Poole},
  title = {Exploiting Causal Independence in Bayesian Network Inference.},
  journal = {J. Artif. Intell. Res. (JAIR)},
  year = {1996},
  volume = {5},
  pages = {301-328}
}

@article{dbn,
author = "Thomas Dean and Keiji Kanazawa",
title = "A Model for Reasoning about Persistence and Causation",
journal = "Computational Intelligence",
volume = 5,
number = 3,
pages = "142--150",
year = 1989
}

@article{spuddip,
author = "Karina Valdivia Delgado and Scott Sanner and Leliane Nunes de Barros",
title = "Efficient Solutions to Factored MDP with Imprecise Transition Probabilities",
journal = "Artificial Intelligence Journal (AIJ)",
volume = 175,
pages = "1498--1527",
year = 2010
}

@BOOK{cox,
  title = {Ideals, varieties and algorithms. An introduction to computational algebraic geometry and commutative algebra},
  publisher = {Springer},
  year = {2007},
  author = {David Cox and John Little and Donal O'Shea},
  address = {New York}
}

@INPROCEEDINGS{minisat,
  author = {Niklas Een and Niklas Sörensson},
  title = {Minisat v1.13-a sat solver with conflict-clause minimization},
  booktitle = {SAT-2005},
  year = {2005},
  address = {Scotland}
}
